3044 5264
212 385 297 460 544
533 381 754 463 ΙΜΙΤΑΤΙΟ
790 381 991 462 HOMERI.

316 593 513 690 Hucusque
539 592 748 665 imitationis
776 591 928 688 vestigia
953 588 1120 663 inSeuto
1138 587 1322 662 Herculis

212 697 293 792 lpsu
310 694 497 767 formando
516 692 785 791 indagavimus3
815 703 939 782 restat,
964 702 1006 764 ut
1021 692 1125 762 etiam
1149 691 1322 790 reliquas

213 797 382 870 carminis
418 807 537 893 partes
571 794 694 866 codem
727 793 877 867 consilio
909 793 1092 864 adeamus.
1171 795 1320 866 Harum

213 917 299 970 uero
324 898 394 970 alia
419 898 510 968 ratio
537 907 606 968 est.
671 895 774 967 ,Nam
808 894 859 966 ibi
885 897 997 992 ipsam
1031 920 1150 966 rerum
1184 896 1320 966 inven-

213 1001 349 1072 tionem
369 996 527 1070 iudicare
550 994 697 1083 licebat:
745 996 804 1069 hic
831 996 1019 1069 dicendum
1046 1006 1102 1068 est
1127 995 1172 1068 de
1200 996 1320 1069 rebus

214 1119 260 1173 ex
294 1097 512 1198 mythologie
548 1100 689 1194 petitis,
742 1120 831 1196 quas
868 1125 941 1169 non
976 1120 1022 1169 ex
1056 1097 1207 1196 ingenio
1247 1094 1319 1171 suo

212 1211 319 1302 poeta
345 1201 490 1272 haurire
515 1211 673 1297 poterat,
723 1198 786 1273 sed
812 1198 927 1271 lamae
954 1196 1105 1271 debebat
1137 1225 1184 1270 ex
1217 1202 1318 1272 auti·

214 1304 351 1404 quitata
377 1301 527 1374 delatae.
580 1301 665 1374 Non
691 1303 820 1393 mirum
848 1303 980 1400 igitur,
1017 1298 1113 1399 quod
1135 1299 1314 1398 plurima,

214 1424 307 1503 qnae
332 1403 578 1501 attinguntur,
615 1428 763 1499 prorsus
789 1428 879 1487 nova
905 1414 1010 1492 sunt,
1052 1413 1088 1474 et
1112 1401 1209 1499 apud
1239 1404 1316 1476 Ho-

213 1523 352 1579 merum
379 1528 556 1601 nusquam
584 1516 736 1601 reperta.
799 1505 882 1576 Huc
917 1506 1100 1600 pertinent
1132 1504 1313 1599 primum,

215 1603 378 1704 quande
405 1604 571 1677 Herculis
596 1616 699 1702 partu
726 1614 762 1678 et
787 1608 978 1678 certamine
1012 1631 1093 1677 eum
1121 1605 1248 1702 Cycno
1277 1619 1316 1678 et

213 1708 350 1797 Marte,
404 1706 448 1779 de
474 1708 689 1779 Electruone
716 1716 752 1780 et
772 1701 1055 1804 Amphitruone,
1102 1703 1146 1776 de
1170 1705 1315 1803 iphicle

215 1820 252 1882 et
282 1808 405 1900 Iolao,
446 1806 490 1880 de
518 1808 672 1880 Creonte
703 1820 739 1880 et
770 1807 977 1899 Henioche,
1026 1805 1070 1879 de
1094 1807 1246 1904 Taphiis
1275 1821 1314 1881 et

215 1909 405 2000 Telebois,
455 1908 499 1982 de
523 1910 636 2008 Ceyce
663 1919 698 1981 et
723 1909 1000 2003 Themistunoe,
1045 1908 1088 1980 de
1112 1910 1247 1982 Perseo
1275 1922 1314 1982 et

215 2009 447 2110 Gorgonibue
478 2021 636 2083 enarrata
673 2024 758 2083 sunt
795 2013 926 2084 omnia.
1007 2011 1196 2083 Praeterea
1229 2010 1311 2107 plc-

213 2136 325 2213 raque
352 2113 584 2210 Lapitharum
619 2124 655 2185 ct
681 2113 940 2185 Centaurorum
967 2114 1132 2202 nomina,
1179 2110 1310 2205 urbes,

214 2237 381 2304 nemora,
421 2214 524 2283 fluvii
538 2212 761 2305 Thessaliae,
801 2216 943 2285 nomina
961 2215 1165 2303 Parcarum,
1201 2238 1313 2287 mons

214 2313 361 2387 Phicius
388 2324 424 2386 et
441 2312 675 2410 Typhaonius
701 2314 740 2385 in
762 2315 962 2386 Homericis
987 2313 1205 2387 carminibus
1232 2342 1313 2388 non

213 2413 396 2512 leguntur.
457 2414 594 2486 Tamen
618 2416 657 2486 in
683 2414 751 2488 hac
776 2427 875 2512 parte
903 2417 1007 2487 etiam
1034 2439 1096 2506 oa,
1139 2438 1233 2512 quac
1264 2418 1314 2489 ad

212 2516 456 2588 inventionem
492 2525 616 2614 poetae
646 2519 845 2614 pertinent,
897 2516 1044 2589 eandem
1070 2517 1313 2592 imitationem

211 2615 383 2717 produnt.
435 2620 612 2691 Homerus
637 2621 732 2691 enim
756 2615 909 2691 Achillis
926 2620 1074 2690 Scutum
1098 2618 1311 2692 describen-

213 2719 299 2791 dum
319 2718 389 2790 sihi
409 2719 585 2817 elegerat,
617 2722 790 2817 principis
808 2719 971 2809 heroum,
999 2723 1062 2818 qui
1076 2719 1221 2789 Troiam
1241 2748 1312 2818 op·

210 2831 438 2920 pugnarant,
474 2823 551 2917 ipse
569 2811 759 2893 Herculem
781 2821 978 2893 substituit.
1034 2819 1183 2893 Achillis
1205 2847 1311 2895 arma

211 2933 254 2993 nt
281 2914 487 2994 fabricanda
513 2924 733 3018 susciperet,
777 2921 942 2994 Thetidis
969 2926 1091 2994 matris
1117 2924 1195 2992 eius
1221 2950 1310 3020 pre·

212 3022 315 3095 cibus
336 3022 521 3096 Vulcanus
548 3023 652 3095 facile
683 3022 993 3117 commovebatur,
1045 3036 1087 3094 nt
1109 3024 1308 3097 Herculem

212 3123 335 3196 eadem
380 3128 519 3197 ratione
555 3123 758 3216 adiuvaret,
816 3126 965 3197 lunonis
1011 3127 1132 3196 matris
1180 3127 1308 3197 inimi·

211 3248 315 3316 uum,
365 3224 457 3297 nihil
482 3224 553 3297 tale
582 3252 663 3297 eum
688 3225 872 3324 impellere
902 3238 1061 3324 poterat:
1113 3252 1205 3322 opus
1232 3229 1306 3324 igi-

210 3337 272 3398 tur
306 3336 382 3397 erat
417 3328 517 3397 iussu
551 3340 586 3400 et
616 3331 824 3400 auctoritate
852 3328 966 3420 lovis,
1019 3328 1087 3400 esr.
1128 3353 1182 3398 vs.
1203 3325 1304 3421 518,

210 3448 330 3527 uque
356 3427 531 3501 Hercules
556 3430 686 3500 missus
717 3440 811 3520 erat,
864 3440 905 3501 ut
929 3441 1041 3502 terras
1070 3455 1089 3498 a
1122 3429 1304 3502 facinoro-

210 3531 261 3601 sis
287 3527 493 3602 homiuibus
518 3529 699 3602 liberaret.
753 3531 827 3602 Vix
851 3543 938 3627 puto
957 3530 1144 3628 equidem,
1172 3533 1305 3604 merito

209 3629 303 3703 hanc
328 3656 403 3703 rem
415 3630 939 3731 Mcgaclidthenienei²ansam
965 3631 1119 3721 dedisse,
1158 3643 1302 3728 poetam

209 3731 493 3831 reprehendendi
511 3732 573 3835 ²⁵).
629 3735 707 3806 Hoc
732 3734 835 3834 euim
854 3744 909 3806 eet
932 3759 1044 3805 nuum
1068 3731 1180 3826 illud,
1225 3759 1303 3833 quo

208 3922 492 3941 ..Μ-

277 3998 325 4071 ἳὸ)
359 4000 408 4059 De
424 3994 618 4071 hochlegecle
636 3994 728 4057 otnnia
748 3994 857 4058 incerta
875 4012 954 4070 eunt,
981 3997 1031 4058 cir.
1044 3995 1192 4082 Heinrich.
1203 3998 1300 4056 Prott.

208 4063 1301 4197 uhtttta?ttctuutthut,htaututetahtuet‘u'et·

207 4159 365 4279 hagaeum
395 4211 478 4265 illum
502 4178 741 4275 Atheniensem,
760 4211 810 4279 qui
841 4184 870 4264 ih
897 4212 1013 4279 antiqno
1039 4211 1074 4264 ad
1099 4209 1221 4264 Hesiodi
1249 4179 1301 4263 Sci

207 4273 621 4342 Hercecholionominatur,
656 4297 710 4334 aon
730 4278 915 4345 aliumesse,
949 4280 1102 4335 nisihuac
1122 4278 1213 4351 ipsum
1233 4280 1301 4332 Me·

206 4347 383 4418 gactidem«.
436 4350 514 4406 Satio
538 4350 676 4405 affirmate
696 4350 766 4401 haec
785 4350 898 4417 quidem
924 4350 1046 4422 scripta:
1082 4349 1132 4403 sed
1159 4348 1299 4402 rationem

207 4420 316 4474 demum
340 4419 492 4475 efferamus
515 4421 613 4476 verbis
640 4416 686 4473 Ti.
706 4417 916 4473 Hemsterhusii
939 4419 973 4473 ed
994 4419 1111 4475 Lucian.
1131 4419 1242 4472 Timon.
1269 4435 1299 4479 p.

208 4493 260 4547 175
288 4498 360 4545 anon
379 4487 508 4546 insolens
526 4501 586 4558 eet,
613 4496 643 4545 ut
661 4486 835 4562 primitivum
854 4496 884 4558 et
901 4490 1126 4560 patronymicum
1144 4503 1246 4543 nomen
1266 4487 1297 4542 tn
