3044 5264
338 384 618 484 aerumma
652 407 876 504 cuncus.
1080 400 1156 476 aas

71 611 202 682 formas
228 635 360 708 casque
391 637 412 683 e
443 608 554 682 Scuto
579 612 708 704 petitas
741 611 1019 705 interpretante,
1064 608 1156 682 nihil

69 711 314 784 affirmandum
350 723 416 784 est.
487 711 558 783 Sed
585 710 675 782 GO'
697 722 944 807 περιπλομένων
969 709 1153 803 exhibent,

69 815 108 885 in
136 840 241 912 quam
277 812 427 884 formam
453 813 605 885 Guietus
629 815 832 884 coniectura
857 812 1050 904 inciderat,
1095 839 1152 884 su·

67 916 228 1012 spiratus
260 917 348 1008 ἄμμε
372 925 613 1010 περιπλομένων
637 911 864 985 scribendum
896 940 998 986 esser
1054 915 1156 986 cuius

70 1017 281 1088 seutentiam
315 1013 447 1087 Osann.
486 1014 531 1085 ad
567 1014 809 1103 Philemonem
850 1015 1027 1111 probavit.
1095 1020 1158 1087 «At

68 1145 182 1215 quum
207 1116 292 1187 alibi
316 1140 458 1214 quoque
484 1117 698 1211 ἐπιπλόμενος
727 1118 943 1213 reperiatur,
986 1143 1066 1189 eum
1093 1143 1151 1213 ap.

72 1221 218 1289 Homer.
260 1216 330 1289 Od.
366 1251 405 1306 η,
436 1213 527 1287 261.
579 1225 614 1305 ξ,
640 1214 740 1307 287,
793 1230 867 1289 tum
903 1245 960 1315 ap.
1005 1217 1152 1289 llesiod.

37 1315 320 1416 .·'l'l1eog.dll53
347 1317 457 1389 altera
475 1345 559 1389 vero
576 1318 689 1389 forma
708 1319 814 1417 longo
831 1322 878 1389 ait
893 1321 1012 1391 notior
1028 1331 1063 1392 et
1084 1319 1155 1390 frc-

68 1423 256 1520 quentior,
284 1432 325 1490 ut
351 1419 453 1492 facile
480 1421 636 1516 potuerit
657 1421 695 1490 in
720 1420 834 1492 locum
864 1423 941 1492 eius
967 1420 1152 1497 substitui:

68 1548 141 1591 non
160 1532 226 1610 est,
256 1520 352 1618 quod
362 1520 532 1594 Guietum
549 1547 754 1619 sequamur.
792 1524 963 1619 Superest
981 1525 1155 1618 scriptura

68 1619 285 1706 Trincarelli
326 1632 527 1722 ἓπιπλομένῳ
566 1633 714 1724 ἐνιαυτῷ,
770 1625 848 1720 qui·
873 1625 904 1694 si
935 1622 1155 1721 Goettlingio
1281 1622 1285 1628 ’

66 1723 157 1794 fides
185 1723 345 1795 habenda
368 1734 439 1814 est,
486 1723 615 1795 hocin
642 1749 680 1796 re
712 1751 784 1796 non
818 1724 949 1795 librum
973 1725 1153 1812 Triclinii,

67 1825 130 1896 sed
166 1835 227 1896 aut
260 1823 368 1896 alium
404 1836 582 1896 auctorem
614 1837 677 1896 aut
702 1852 805 1896 suum
834 1832 888 1897 est
919 1828 1032 1921 ipsius
1063 1825 1154 1895 iudi·

67 1925 890 2099 ‘³¹¹'ttttt'ta0A⁰lttm⁰'3'¹tl.³tt”t
925 1926 1155 2099 itast

67 2054 240 2236 libibrum
276 2053 491 2221 lntntoptidv
522 2135 555 2201 δ’
570 2054 736 2236 ,tributori
766 2052 1156 2224 ‹ledissep‘tnantoffiv

67 2239 235 2322 ἐνιαυτοῖν,Ι
282 2228 350 2301 hoc
383 2241 501 2301 autem
534 2229 613 2302 loco
645 2233 862 2328 singularem
896 2256 964 2329 pro
998 2229 1151 2327 plurali:

67 2331 166 2430 quod
186 2343 378 2428 atriumque
402 2333 520 2426 potuit
548 2356 593 2404 ex
619 2333 729 2402 simili
760 2356 882 2403 caussa
916 2334 1034 2426 nasci3
1080 2329 1154 2401 illic

66 2435 161 2504 enim
197 2430 344 2530 pluralis
376 2430 532 2522 electus,
579 2443 621 2502 ut
651 2443 773 2529 postea
803 2461 822 2503 a
850 2432 989 2504 Clerico
1023 2443 1059 2504 et
1081 2433 1153 2503 Ro·

66 2533 242 2624 binsono,
278 2559 346 2633 ne,
387 2544 427 2603 ut
462 2532 645 2604 ltluetzell.
674 2534 745 2624 ait,
782 2559 820 2630 p.
841 2530 960 2622 106„
1001 2558 1153 2630 magnus

68 2635 205 2730 lupitcr
228 2636 335 2705 nimis
360 2631 461 2704 brevi
481 2636 652 2729 temporis
676 2636 790 2731 spatio
810 2634 856 2705 ad
873 2633 1152 2734 magnitudinem
1282 2715 1283 2719 Ἰ

67 2738 160 2833 patri
185 2735 378 2807 terribilem
405 2733 601 2806 adolevisse
626 2734 825 2826 videretur3
859 2733 918 2806 hic
943 2734 1150 2831 singularis,

67 2861 114 2908 ne
138 2835 260 2934 plures
290 2838 376 2906 anni
400 2837 590 2908 necessarii
617 2834 728 2909 fuisse
754 2835 917 2906 dicautur
947 2835 992 2906 ad
1016 2835 1151 2906 Hercu·

66 2937 137 3008 lem
181 2936 440 3035 iphiclemque
469 2935 722 3034 gignendum.
781 2934 984 3031 Accedebat
1016 2936 1149 3028 autem,

67 3037 163 3136 quod
188 3064 246 3133 ap.
275 3039 473 3110 Diaconum
500 3035 699 3134 reperiebat
724 3034 941 3136 singularem
963 3037 1152 3132 προϊόντος

66 3150 102 3214 tt
126 3149 186 3214 τοῦ
207 3139 347 3235 χρόνους
372 3139 600 3237 delirumque
616 3139 775 3238 genitivo
797 3136 1039 3235 praelerebat,
1065 3139 1151 3236 quia

66 3272 112 3313 αν
136 3250 173 3310 et
197 3241 408 3330 otacilius,
444 3264 550 3337 quam
572 3271 619 3316 αν
641 3250 678 3313 et
702 3271 743 3314 ou
767 3250 1049 3332 commutantur,
1078 3239 1149 3312 etr.

66 3343 181 3411 lioen.
218 3341 262 3412 ad
301 3341 413 3438 Greg.
440 3340 610 3412 Corinth.
646 3367 683 3439 p.
705 3336 798 3410 266.
873 3343 1007 3424 lta'in,
1031 3344 1148 3439 Etym.

66 3440 163 3512 Gud.
192 3467 229 3538 p.
248 3438 350 3532 206,
373 3437 455 3532 15,
486 3439 627 3540 Tlaeog.
656 3467 710 3512 vs.
730 3437 810 3512 161
845 3452 1066 3540 περιπλομὲνῳ
1089 3453 1150 3518 ἐνι-
1249 3534 1252 3540 ¹
1507 3507 1511 3517 .

65 3549 157 3641 αυτῷ
179 3542 334 3639 scriptus
360 3553 427 3614 est.
469 3540 750 3615 (36.111ιιοῑαο11.
775 3544 803 3613 l.
828 3542 854 3613 l.
908 3545 1164 3639 Aequiesceng

64 3641 149 3714 dum
176 3644 287 3738 igitur
312 3646 350 3714 in
376 3640 768 3740 librorum-scriptura,
805 3645 1021 3739 praesertim¹
1038 3669 1148 3740 quum

64 3753 159 3815 recte
184 3743 410 3817 Muetzellius
436 3746 618 3842 posuerit,
655 3744 777 3840 eadem
804 3746 840 3813 ri
866 3756 1057 3841 utrumque
1081 3766 1148 3812 na·

65 3868 199 3915 meram
225 3845 295 3916 dici
319 3868 446 3942 possea
479 3868 698 3945 quanquam,
735 3855 776 3917 u't
800 3843 967 3938 vidimus,
998 3842 1148 3915 aliatu-

62 3947 328 4041 terpretationis
351 3947 408 4016 aia
433 3956 542 4043 patet.
615 4037 617 4040 y
886 3989 897 4015 ,-
927 3981 928 3985 “
1063 3972 1065 3977 ·
1098 3960 1101 3965 ’

76 4060 82 4071 ”
160 4041 229 4145 66
274 4049 373 4147 ’φυὴν
403 4051 610 4142 ἐναλίγκιοι]
630 4047 719 4149 φυὴν
749 4054 887 4139 ἀλίγκιοι
914 4045 971 4116 ln·
1025 4055 1148 4146 φρένας

60 4154 243 4239 ἐναλίγκιον
276 4159 443 4243 corrupte
469 4149 508 4218 in
534 4149 568 4218 D
596 4149 679 4218 Ald.
708 4148 765 4218 lu.
788 4144 826 4218 1.
848 4142 888 4216 2.
911 4148 1043 4238 Fam,
1091 4173 1147 4219 ea·

60 4244 213 4344 demque
241 4250 418 4342 scriptura
444 4250 481 4320 in
507 4251 551 4319 B.
580 4273 600 4319 a
630 4276 687 4346 pr.
712 4274 788 4339 m.,
820 4245 884 4337 ubi
909 4257 1026 4320 umen
1047 4259 1147 4346 parte
1211 4324 1213 4329 ,

59 4344 223 4424 literae-v
246 4375 367 4439 erasa,
402 4383 415 4424 ι
436 4349 598 4422 relictum
622 4360 658 4421 et
682 4349 925 4447 interpretatio
952 4349 1064 4445 ὅμοιοι
1084 4370 1147 4446 ap⁴

57 4447 173 4542 posita
211 4461 288 4544 cst,
307 4494 309 4498 ν
330 4476 422 4551 qnae
456 4449 577 4553 eadem
604 4453 642 4523 in
670 4450 700 4522 li
734 4459 869 4543 exstat,
915 4448 978 4522 ubi
1004 4453 1143 4548 inssmg.
