3044 5264
218 405 275 480 oo
543 424 545 429 ·
598 414 637 487 a.
664 397 709 490 Α.
736 358 923 491 wounu

220 633 300 720 apte
325 630 565 695 constructum
599 621 748 720 eiusque
777 623 932 719 partium
964 620 1026 723 (sit
1047 625 1150 696 venia
1175 624 1301 727 nemo)

220 723 452 823 aptitudinem
486 724 575 794 hane
603 723 706 795 aevis
737 709 958 821 argumentis
994 721 1164 816 doceant,
1207 731 1300 798 auti·

221 852 293 924 quo
327 824 451 898 lectori
490 822 630 920 placere
671 825 852 921 potuisse,
907 826 966 895 cui
1007 849 1080 896 non
1119 825 1302 925 displicuit

220 924 491 1025 Theognidaum
515 932 679 1016 carmen,
728 925 1014 1022 olimincipiens
1038 924 1085 998 ab
1110 953 1153 1001 eo
1178 953 1300 1022 versu,

221 1024 570 1203 ttttlttnttt
583 1022 1304 1203 bitinttettttttl'tt}

221 1243 382 1330 paraliam
412 1238 535 1325 putet,
584 1226 673 1298 mihi
709 1227 853 1325 quidem
889 1230 993 1302 onice
1018 1228 1191 1327 probatur
1214 1232 1304 1305 Het-

222 1334 410 1405 manniana
446 1330 575 1419 ratio,-¹
608 1329 660 1398 in'
681 1330 881 1402 Homericis
917 1328 1062 1428 hymnis
1104 1333 1217 1426 inita,
1265 1346 1305 1406 ut

221 1433 341 1507 malim
365 1433 512 1530 potius,
529 1431 564 1501 si
588 1431 736 1527 possim,
756 1433 863 1529 Ἔργα
879 1456 1011 1530 augere
1037 1431 1202 1528 pluribus
1228 1461 1307 1508 ver·

221 1534 341 1624 sibus,
372 1540 480 1630 quam
506 1529 669 1630 vulgatos
690 1557 910 1630 expungere.
964 1531 1071 1603 lllulti
1098 1536 1193 1605 enim
1216 1562 1308 1633 quos

222 1661 318 1710 nunc
344 1645 522 1730 tamqnam
545 1644 701 1705 ⁴arenam
728 1635 807 1705 sine
837 1631 933 1705 calce
967 1635 1159 1725 miramur,
1208 1640 1307 1709 omni

222 1739 372 1811 fortasse
398 1735 595 1815 oll'eusiuue
622 1732 810 1823 carebant,
850 1736 963 1806 iuncti
995 1737 1060 1827 iis,
1101 1761 1191 1833 quus
1216 1741 1307 1809 Pau·

221 1840 321 1916 sauia
346 1839 452 1933 longe
478 1837 653 1932 posterior
674 1834 935 1908 Grammaticus
956 1838 994 1908 in
1020 1862 1119 1908 suam
1144 1843 1308 1935 συλλογὴν

224 1967 298 2013 nou
331 1939 467 2010 retulit.
542 1935 757 2036 Quanquam
787 1962 833 2009 ne
864 1935 953 2010 haec
986 1937 1149 2035 quidem,
1199 1966 1306 2037 quam

223 2040 371 2115 Proclus
404 2039 656 2109 commentario
686 2036 897 2130 illustravit,
942 2037 1049 2111 hodie
1082 2040 1222 2118 videtur
1253 2044 1306 2112 in·

223 2142 460 2216 contaminem
484 2163 685 2233 superesse.
751 2137 882 2234 (Quam
909 2138 1011 2223 multi
1038 2137 1161 2213 versus
1187 2145 1308 2213 amissi

223 2253 364 2329 essent,
401 2242 470 2310 iam
497 2238 652 2335 dispexit
678 2242 797 2312 nescio
823 2241 904 2337 quis
928 2242 966 2309 in
993 2240 1161 2312 Hannon.
1177 2244 1305 2331 Anaei-

225 2371 297 2443 geu
320 2336 443 2432 1752,
480 2366 520 2438 p.
548 2337 738 2442 1295ss.)
775 2398 778 2403 .
808 2341 930 2413 Unum
957 2339 1071 2413 obiter
1094 2340 1305 2432 addiderim,

226 2471 300 2518 non
337 2469 383 2516 ex
410 2467 503 2532 uuo,
558 2442 622 2515 sed
657 2468 702 2516 cx
736 2440 876 2515 duobus
907 2441 1057 2515 Hesiodi
1091 2442 1308 2515 carminibus

225 2545 439 2643 indigestam
470 2542 562 2616 hanc
598 2549 760 2639 συλλογὴ
784 2542 970 2617 conllatnm
1014 2570 1106 2616 esse.
1184 2546 1308 2617 Cetera

141 2702 145 2709 .
227 2673 318 2747 quac
344 2645 454 2716 huius
475 2646 547 2717 loci
572 2645 686 2727 videri
712 2648 869 2743 possint,
913 2644 1045 2717 dudum
1074 2674 1094 2718 a
1120 2673 1176 2719 me
1206 2672 1307 2743 sepo·

226 2752 316 2840 sita,
354 2748 540 2842 occupavit
575 2748 611 2817 in
647 2749 801 2845 eleganti
835 2759 872 2820 et
904 2747 1062 2820 modesta
1089 2749 1310 2820 Commenta·

226 2851 345 2938 thane,
387 2877 421 2922 a.
442 2844 566 2940 1815,
609 2847 743 2940 liiliac,
785 2848 880 2921 unde
915 2849 1071 2922 Hesiodo
1101 2851 1214 2946 prima
1247 2849 1311 2921 lux

227 2952 384 3042 all'ulsit,
427 2948 521 3022 edita
546 2952 645 3048 Aug.
672 2950 897 3021 Tuastcnus.

330 3053 384 3122 De
409 3052 522 3122 altero
545 3053 677 3122 maiore
702 3052 889 3142 carmine,
921 3051 1045 3147 primia
1071 3050 1215 3150 quidem
1241 3063 1310 3122 sta·

228 3151 386 3225 minibus
412 3152 487 3221 suis
511 3176 631 3249 aeque
658 3162 817 3243 vetusto,
865 3177 937 3221 uon
962 3177 1176 3271 perseqnaq,
1220 3179 1311 3250 quae

229 3256 313 3326 olim
333 3253 499 3348 praemisi
517 3250 816 3324 adnotationibus.
857 3253 1055 3324 Vetusttm
1078 3263 1195 3324 antem
1215 3253 1313 3350 quod

230 3354 305 3425 dixi
339 3351 604 3451 Theogoniam,
658 3355 697 3424 in
732 3379 775 3426 eo
812 3355 955 3425 minime
989 3356 1198 3452 impugnare
1231 3354 1342 3423 volo.

231 3455 463 3543 Pausaniam,
505 3456 568 3552 qui
595 3456 692 3525 illam
718 3480 862 3554 qnoque
887 3455 1076 3551 aliquoties
1105 3453 1149 3524 ad
1180 3479 1313 3550 suppo·

230 3557 346 3629 sitiuia
370 3557 525 3653 relegat,
557 3553 718 3653 adeoque
743 3553 853 3629 semel
880 3555 969 3655 (tx,
992 3551 1059 3651 55)
1084 3581 1164 3627 enm
1184 3553 1257 3626 bile
1280 3566 1315 3625 ct

230 3655 425 3730 stomacho.
487 3655 624 3728 Verum
655 3655 714 3728 hie
735 3659 813 3754 ipse
837 3655 883 3728 dc
909 3650 1115 3729 rbcensione
1140 3655 1223 3727 libri
1248 3682 1314 3728 suo

230 3771 390 3856 tempore
409 3758 572 3854 vulgata,
600 3758 652 3831 sic
677 3758 859 3849 iudicans,
893 3755 1014 3829 cadom
1040 3762 1215 3831 sententia
1242 3784 1314 3828 am·

230 3862 338 3954 plecti
375 3860 491 3930 noluit
528 3857 646 3949 illam,
691 3886 762 3958 qua
793 3856 996 3932 Herodotus
1029 3885 1116 3931 usus
1148 3872 1221 3932 erat
1247 3859 1313 3954 (ll,

232 3957 299 4057 55)
326 3971 361 4030 at
386 3958 591 4055 philosophi
617 3953 856 4059 aPythagora
882 3959 927 4030 ad
947 3960 1143 4033 Platonem.
1195 3965 1315 4055 Atque

233 4085 278 4131 ex
305 4059 365 4130 illa
389 4060 507 4131 adbuc
533 4062 636 4155 plura
658 4063 773 4133 inesse
801 4061 969 4132 videntur
1001 4064 1040 4131 in
1072 4073 1211 4150 nostra,
1249 4062 1316 4129 etsi

232 4159 325 4230 bane
352 4161 468 4230 medio
496 4160 638 4232 demum
673 4187 758 4232 aevo
790 4161 876 4232 alibi
909 4161 1149 4234 detruncatam
1184 4173 1218 4231 ct
1249 4162 1317 4230 eir·

234 4261 446 4351 cumcisam,
496 4261 581 4332 alibi
609 4288 659 4333 en·
679 4262 827 4333 diversis
859 4263 1041 4335 codicibus
1073 4259 1318 4357 interpolatam

235 4384 312 4432 csse
338 4372 496 4456 apparet.
562 4363 812 4436 Alexandrinis
839 4376 933 4436 certe
960 4367 997 4434 in
1024 4387 1149 4434 manus
1171 4375 1320 4433 venerat

235 4486 405 4560 maguum
435 4487 526 4560 opus
559 4476 595 4535 ct
629 4467 832 4538 continente
867 4464 929 4537 lilo
960 4462 1177 4555 deductum,
1218 4463 1320 4534 cuius
