3044 5264
356 418 435 493 212
628 421 906 498 APPARATUS
939 423 1162 500 CRlTlCUS.

359 660 396 728 p.
417 626 481 699 65.
536 629 702 713 flandr·
737 627 879 723 poyeio«
939 626 1175 716 n‘lnmjtarog·
1213 627 1313 699 ἵππον
1344 626 1440 698 ἐλαύ·

359 764 433 808 νων.
469 732 612 813 ἱππικὸς,
648 728 779 827 φυγᾶςι
825 738 862 797 et
892 753 928 822 p.
945 723 1031 797 67.;
1073 725 1252 800 r‘Inadra·
1288 726 1439 813 ἱσαότης,

331 841 332 844 '
359 833 501 917 ἱππικός·
535 841 567 903 οἱ
593 838 627 902 δὲ
661 829 823 923 νεώτεροι,
858 828 977 926 φυγάς.
1025 835 1085 903 οὐκ
1115 823 1161 900 εὖ.
1198 832 1341 909 κάλλιον
1373 832 1440 925 γὰρ

358 935 544 1026 ἐπιστήμων
558 941 702 1017 ἱππικῆς,
729 928 981 1015 ἱππικώτατσς.ι
1025 930 1145 1024 Atque
1162 929 1289 1007 similia
1309 930 1440 1024 legun·

358 1045 419 1105 tur
443 1032 538 1129 apud
558 1032 787 1126 Apollonium
811 1030 843 1119 l,
871 1054 909 1124 p.
926 1025 1012 1098 dli)
1046 1028 1189 1099 Villois.
1219 1028 1319 1100 etad
1347 1054 1441 1126 (suos

361 1134 539 1232 ablegavit
565 1131 692 1202 Lehrs.
718 1129 912 1201 Aristarch.
940 1156 978 1226 p.
999 1126 1096 1220 112,
1124 1155 1199 1227 seq.
1258 1131 1347 1202 Rern
1375 1128 1443 1199 lal-

358 1262 431 1307 sam
459 1259 536 1306 esse
563 1258 628 1304 nec
651 1230 829 1302 difficilem
857 1233 954 1303 vocis
979 1233 1327 1327 interpretationem,
1365 1257 1440 1302 non

357 1348 412 1409 est
454 1333 550 1432 quod
593 1331 737 1402 uberius
781 1330 1032 1403 demonstrem.
1120 1332 1285 1403 Ceterum
1331 1330 1440 1403 verba

255 1481 258 1485 ·
357 1435 566 1508 scholiastae
602 1434 735 1503 nostri:
786 1434 851 1505 ιού
884 1436 950 1531 γὰρ
980 1435 1139 1527 εἰςάγεται
1164 1436 1251 1531 ἰ’παρ)
1274 1434 1442 1526 χρώμενος

358 1540 376 1612 ὁ
407 1537 575 1632 Περσεύςι
607 1521 668 1605 'ad
699 1540 860 1605 nostrum
899 1533 1015 1604 locum
1050 1532 1220 1605 trahenda
1256 1533 1438 1604 videntur.

356 1637 448 1709 Nam
473 1639 619 1707 luerunt
648 1634 827 1731 prolecto,
865 1636 927 1732 qui
954 1636 1081 1706 Persea
1107 1660 1199 1730 equo
1225 1633 1441 1706 insidentem

357 1738 535 1827 lacerent,
572 1763 631 1833 ap.
662 1736 835 1814 Levezov.
868 1734 1201 1833 Goryonenddeal.
1232 1762 1267 1831 p.
1286 1732 1351 1805 85.

457 1833 548 1908 217.
604 1839 684 1937 ἄρ’]
710 1835 770 1906 alii
798 1839 859 1932 ἂρ,
899 1845 941 1905 ut
965 1849 1088 1906 notum
1113 1847 1179 1906 est.
1205 1880 1253 1889 —
1322 1836 1440 1908 ›Ora-

295 1990 313 2030 .
355 1943 489 2011 tionem
524 1939 599 2010 fore
641 1947 874 2032 occupaverat
909 1937 1054 2009 Homer.
1087 1935 1218 2034 Odyss.
1242 1937 1331 2026 xit,
1355 1935 1442 2006 155

320 2058 322 2061 ’
356 2066 462 2137 seq.«
494 2039 622 2108 Heinr.
652 2063 726 2134 mg.
765 2044 908 2138 ιούὃὲαῃ
939 2035 1023 2131 εἶχον
1064 2039 1145 2112 Οὔτε
1170 2044 1318 2136 στηρίξαι
1341 2052 1442 2115 ποσὶν

356 2150 508 2234 ἔμπεδον,
545 2140 616 2214 οὔτ’
645 2146 828 2228 irradiaverat

456 2235 548 2307 218.
601 2248 686 2330 μέγα
712 2235 953 2336 φράσσασθ’]
986 2248 1072 2330 μέγα
1104 2240 1283 2338 φράσασθ’
1320 2265 1441 2311 errore

312 2427 315 2434 ἱ
357 2339 497 2434 wlgari
523 2336 687 2408 CGHS.
751 2346 834 2431 μέγα
860 2339 1083 2438 φράσσασθαι
1109 2342 1255 2410 elisione
1281 2366 1352 2410 non
1376 2340 1441 2411 ad-

281 2519 283 2533 Ι
357 2443 463 2510 missa
506 2437 622 2508 BMS
671 2449 705 2509 et
744 2449 827 2530 μέγα
862 2439 1066 2536 φράσασθαι
1101 2439 1118 2509 l
1159 2443 1281 2511 Herm.
1309 2440 1436 2513 Dind.

357 2542 490 2612 Goettl.
545 2541 761 2641 ρράσασθαι,
793 2551 876 2631 μέγα
897 2540 1019 2610 omiss.
1048 2542 1099 2631 A,
1134 2541 1325 2638 eademque
1350 2568 1438 2614 voce

222 2649 226 2657 '
356 2640 491 2712 abiecta
518 2643 717 2739 φράξασθαι
735 2665 782 2708 m.
821 2641 863 2709 ln
885 2639 1034 2710 Vnulla
1053 2654 1106 2712 est
1129 2655 1210 2734 post
1234 2644 1436 2742 φράσσασθ’

357 2745 609 2838 interpunctio.
665 2740 893 2811 »correctum
921 2739 997 2812 vult
1021 2741 1217 2813 Hermann.
1246 2744 1291 2813 nd
1320 2744 1436 2840 Orplr.

358 2845 495 2918 Litlrica
519 2838 615 2912 442.
670 2840 740 2913 Sed
764 2867 985 2938 nequaquam
1009 2846 1205 2914 necessario
1223 2842 1439 2915 contrahun-

355 2957 416 3015 tur
440 2955 506 3020 ἐπεὶ
533 2945 606 3030 οὗ..
649 2941 742 3012 Vide
770 2941 872 3013 Hiad.
895 2943 982 3031 Vll,
1003 2939 1078 3011 196
1104 2954 1170 3020 ἐπεὶ
1193 2947 1315 3021 οὔτινα.
1363 2944 1436 3016 0d.

357 3046 397 3136 l,
424 3042 523 3132 297,
568 3044 697 3133 XVH,
720 3037 795 3111 [151
837 3052 901 3117 ἐπεὶ
928 3046 1031 3128 οὔτις,
1068 3044 1211 3132 XVlll‚
1234 3042 1333 3135 554,
1371 3055 1441 3121 ἐπεὶ

236 3229 240 3250 Ι
358 3147 423 3218 ori«
459 3146 586 3214 Heinr.
615 3170 687 3240 mg.
725 3144 786 3237 qui
818 3142 945 3213 addere
977 3154 1114 3239 poterat
1149 3145 1235 3216 inlr.
1270 3172 1322 3215 vs.
1341 3143 1436 3239 556,

357 3255 425 3326 inat
462 3247 502 3317 οὔ
536 3246 575 3317 νύ
604 3276 668 3316 τοι.
728 3242 970 3341 Gocttlingius
996 3256 1116 3316 contra
1141 3273 1239 3316 snam
1267 3250 1439 3318 rationem

358 3345 416 3416 his
439 3343 555 3420 uerbis
582 3345 726 3438 probat,
763 3370 896 3439 »quum
923 3343 1030 3415 huius
1061 3349 1201 3442 generis
1227 3345 1328 3418 elisio
1359 3375 1439 3419 rara

358 3448 406 3517 sit
430 3447 467 3515 iri
494 3445 607 3514 arsi«
686 3443 757 3514 Sed
783 3471 896 3516 neca
923 3445 1078 3517 Homero
1101 3447 1244 3544 quidem
1272 3474 1346 3519 eam
1374 3452 1438 3519 eli·

359 3550 494 3618 sionem
530 3544 608 3616 tolli
649 3570 774 3640 posse,
832 3545 977 3632 docent,
1032 3546 1077 3617 ad
1120 3574 1210 3645 quos
1254 3563 1435 3644 prouocat,

359 3648 484 3719 Herm.
514 3645 559 3716 ad
581 3645 703 3742 hymn.
734 3649 769 3716 in
796 3647 907 3717 Mero.
931 3644 1008 3716 155
1050 3659 1086 3718 et
1107 3648 1245 3743 Spitzn.
1271 3649 1314 3720 de
1342 3676 1435 3721 vers.

360 3748 427 3818 Gr.
451 3748 530 3818 her.
556 3773 592 3842 p.
608 3743 708 3837 1643
747 3749 793 3816 ita
818 3760 857 3817 ut
882 3746 947 3819 hac
974 3775 1042 3819 una
1065 3774 1188 3819 caussa
1214 3749 1316 3820 allata
1343 3751 1438 3846 apud

358 3860 517 3918 nostruin
547 3847 637 3919 nihil
664 3848 833 3918 elliciatur
858 3863 1015 3942 poetam,
1064 3849 1158 3944 apud
1196 3877 1301 3946 quem
1333 3854 1438 3921 etiam

358 3955 449 4042 ἔραζε
476 3976 510 4019 v.
533 3944 611 4016 l7lt
638 3960 673 4019 ct
696 3946 775 4016 ‘263
800 3961 920 4018 eorrtra
947 3975 1049 4019 usum
1077 3951 1303 4023 Homericum
1330 3951 1438 4048 idque

358 4047 397 4117 in
423 4051 492 4118 arsi
519 4050 645 4119 elisum
672 4051 857 4145 reperitur.
912 4051 1039 4146 Neque
1060 4078 1104 4121 ex
1128 4050 1300 4123 librorum
1325 4053 1436 4123 MSS.

358 4152 566 4219 auctoritate
589 4149 679 4222 lueri
700 4149 836 4248 aliquid
864 4153 1119 4241 nanciscimur,
1166 4154 1333 4226 elisiones
1362 4179 1440 4224 sae·

357 4249 502 4345 pissime
538 4248 806 4346 negligentium.
880 4251 1056 4344 Quoniam
1089 4254 1200 4351 igitur
1223 4282 1279 4326 res
1306 4257 1440 4326 incerta

359 4360 432 4434 est,
482 4349 518 4416 in
555 4347 693 4444 vulgari
732 4354 905 4448 scripturn
948 4355 1245 4450 acquiescendum
1278 4358 1357 4427 erit.
1388 4397 1440 4408 —-

359 4446 509 4549 οὐδαμῇ]
543 4449 695 4544 οὐδαμῶς
728 4452 758 4521 Β
793 4479 840 4561 on¹
870 4452 1001 4551 glossa.
1056 4457 1186 4558 οὐδαμρυ
1204 4483 1291 4559 non
1324 4468 1442 4529 exstat
