3044 5264
333 496 337 501 „
385 402 662 488 nrrnnorns
691 400 913 477 cuncus.
1104 392 1181 468 arr
1306 407 1310 414 ·

105 605 143 672 in
179 605 467 702 interpretatione
506 601 699 674 haesitare:
752 612 869 673 tamen
902 599 1005 697 plura
1038 602 1127 673 mire
1162 629 1183 673 a

106 703 289 776 nonnullis
315 705 492 776 intellecta
515 715 611 774 sunt.
672 705 723 773 lta
749 701 920 775 hocloco
946 704 1056 773 miror
1081 701 1183 774 scho·
1307 743 1310 751 v

16 884 21 904 ⁵
105 803 227 878 liastac
254 805 384 897 uerbo,
424 832 460 875 v.
476 831 600 900 supe,
627 829 665 899 p.
680 801 754 875 55ι
791 816 952 902 τκροσσοὶ
982 813 1184 899 ἐκτεταμένοι

104 902 192 997 ι’γσαν
214 915 253 979 ἐκ
277 919 352 981 τοῦ
374 907 624 1007 προσόιιονι
650 904 711 998 (ita
738 907 831 976 enim
861 907 945 975 haec
971 903 1077 976 verha
1107 929 1184 975 cor·
1248 998 1251 1002 μ

105 1005 251 1105 rigenda
277 1007 389 1106 sunt).
454 1009 497 1076 ln
522 1006 752 1100 praecedente
776 1032 860 1077 vero
886 1031 992 1075 versu
1017 1018 1074 1099 μὶν
1096 1004 1184 1075 Gui-

106 1119 184 1177 etus
210 1108 397 1204 nequead
427 1109 525 1202 κόρη,
573 1133 689 1204 neque
726 1105 772 1176 ad
806 1106 1009 1206 μετάφρενον
1044 1105 1184 1178 trahen-

106 1206 190 1289 dum
214 1233 290 1279 esse
315 1211 384 1300 ait,
420 1208 483 1280 sed
508 1204 553 1276 ad
578 1209 695 1303 ipsum
723 1209 864 1279 Persea.

204 1328 297 1402 226.
347 1334 510 1434 χρύσειοι]
533 1334 664 1434 χρύσεοι
688 1330 960 1451 ABCGRSV·
983 1378 1049 1424 ···⁴
1081 1334 1186 1434 ὅὲίνῆ]

107 1442 204 1508 δεινοὶ
227 1434 351 1505 Trinc.

205 1557 299 1631 227.
352 1566 429 1637 κεῖτ’
451 1565 565 1648 ’Ἄιδος
580 1570 690 1660 κυνέη]
715 1576 800 1635 κεῖτο
820 1569 852 1634 δ’
873 1563 987 1649 ”Artos
1002 1596 1032 1637 κ.
1057 1563 1186 1634 lemma
1209 1562 1212 1569 ’
1248 1560 1250 1567 ’

106 1659 231 1734 scholl.
260 1664 362 1734 Base.
391 1708 443 1719 -
484 1671 606 1750 .’Λ·ί·ὃος
629 1663 755 1735 Heins.
775 1705 823 1715 -
874 1665 983 1760 αἰνόν]
1010 1666 1080 1738 αἰὲν
1104 1663 1191 1733 Ιοι.

107 1767 182 1838 αίόν
206 1765 263 1833 lu.
285 1761 322 1833 l.
342 1760 382 1833 2.
414 1765 515 1833 Farr.

206 1884 300 1958 223.
354 1890 529 1986 ἐρρίγοντι]
563 1889 631 1959 clr.
660 1898 821 1985 ἐπέφυκον
855 1856 909 1958 is.
932 1885 994 1958 76.
1048 1890 1183 1958 Buttm.
1248 1896 1252 1904 “
1300 1946 1303 1953 .
1348 1931 1355 1950 ι

108 1986 173 2058 Gr.
201 1989 267 2061 Gr.
293 1989 349 2078 ll,
384 2015 419 2084 p.
440 1985 509 2060 20.
579 1989 731 2060 Videtur
763 1989 971 2061 scholiastae
997 1989 1021 2060 d
1045 1991 1185 2086 partici-

107 2092 203 2185 pium
231 2092 427 2186 praesentis
453 2116 530 2161 esse
555 2115 575 2161 a
600 2115 686 2162 voce
714 2097 839 2188 ἐρρίγω.

204 2210 297 2284 229.
351 2224 532 2316 Δαναΐδης]
557 2217 687 2304 Δανάης
703 2215 747 2284 Β.
786 2224 950 2302 Δαναΐδος
968 2217 999 2289 τ’
1028 2218 1056 2287 F
1064 2215 1183 2288 le.

107 2324 253 2404 Δαναΐὸη
278 2324 355 2391 ἕατ’
385 2318 426 2386 Ε.
446 2361 497 2370 -
546 2326 737 2415 ἐτιταίνετο]
763 2325 935 2392 &patrimo
956 2318 986 2385 Β
1010 2342 1031 2387 a
1057 2343 1112 2414 pr.
1135 2345 1184 2390 m.

108 2418 219 2487 ›lllox
244 2420 281 2487 in
304 2418 333 2485 B
358 2421 470 2513 prima
498 2442 622 2488 manus
648 2419 836 2511 scripserat
862 2427 1043 2504 ἕσιτείνετο,
1068 2397 1188 2490 addita

108 2543 261 2612 superne
299 2520 588 2613 interpretatione
626 2526 799 2617 ἓφοβεῖτοι
847 2543 923 2588 eam
961 2520 1029 2588 alia
1063 2531 1186 2613 postea

108 2617 239 2687 delevit
264 2629 300 2687 et
323 2620 562 2713 superscripto
597 2624 768 2704 ἐξητλοῦτο
811 2615 1031 2719 (ἐξηντλοῦτο)
1074 2621 1186 2713 ipsam

108 2713 229 2786 vocem
261 2715 425 2806 refinxit,
470 2719 509 2787 in
535 2727 740 2792 ἐπιταίνετοι
776 2716 998 2788 lioehl.«—
1053 2724 1101 2792 ἔτι
1125 2728 1186 2792 ἔτι·

105 2830 233 2890 ταίνιτο
259 2817 437 2887 Winlcrt.

207 2913 303 2987 250.
357 2918 536 3016 Γοργόνες]
566 2920 609 2987 ln
629 2914 695 2988 hac
713 2917 823 2989 forma
848 2943 972 2989 omnes
997 2917 1080 2988 libri
1102 2943 1187 2990 con·

51 3070 53 3074 -
107 3018 280 3090 sentiunt.
341 3018 413 3090 Sed
439 3020 478 3087 in
503 3018 630 3090 scholl.
660 3018 859 3090 Homericis
882 3019 996 3119 (BL)
1025 3019 1111 3092 haec
1136 3019 1186 3090 le·

106 3130 241 3215 guntur
274 3121 466 3212 »Γοργόνος
498 3129 532 3192 δὲ
562 3125 682 3220 γράφει
706 3122 908 3208 Ζηνόδοτος·
945 3120 1188 3220 (Ἀρίσταρχος

107 3218 250 3290 maleL
282 3246 319 3316 p.
340 3218 433 3310 565,
455 3216 506 3289 15
529 3220 693 3321 Baetim.)
726 3231 848 3308 κακῶς·
882 3224 1045 3322 οὔτεγὰρ
1071 3224 1088 3296 ό
1113 3255 1186 3298 σοι·

107 3322 186 3407 ητὴς
212 3323 287 3395 οὕτε
302 3323 461 3406 Ἠσίοδος
481 3323 617 3417 Γοργόν
644 3354 756 3419 φασιν,
781 3324 868 3397 ἀλλὰ
885 3325 1038 3419 Γοργίαι
1093 3324 1187 3394 Ηίοσ

107 3421 278 3516 suspicari
302 3423 439 3517 possis,
476 3419 545 3492 hoc
569 3448 712 3519 quoque
739 3422 816 3494 loco
837 3434 985 3520 Γοργοῦς
1015 3424 1186 3518 scriptum

108 3518 240 3612 fuisse,
288 3525 371 3618 quia
407 3522 445 3591 in
479 3519 628 3594 Venetis
664 3526 808 3594 scholiis
851 3536 1011 3594 nostrum
1044 3549 1186 3594 carmen

109 3619 241 3719 ubique
266 3633 443 3719 tamquam
470 3622 686 3695 Hesiodeurn
722 3624 899 3695 laudatur.
969 3623 1042 3695 Sed
1075 3649 1187 3721 quum

107 3721 138 3789 L
172 3722 416 3796 Aristarchum
454 3749 518 3819 pro
549 3723 732 3795 Zenodoto
772 3723 918 3812 habeat,
972 3734 1009 3796 et
1041 3726 1186 3795 omnino

108 3821 234 3894 horum
256 3822 427 3896 librorum
446 3826 635 3895 auctoritas
655 3851 765 3920 paene
785 3825 881 3894 nulla
901 3827 961 3915 sit,
990 3823 1040 3896 cl.
1056 3822 1183 3895 Lehrs.

10 3973 12 3976 -
107 3923 304 3994 Aristarch.
332 3950 370 4020 p.
388 3921 442 3993 58
459 3951 579 4021 seqq„
607 3951 678 3996 non
706 3936 819 3996 tutum
845 3936 899 3996 est
925 3927 969 3996 iis
992 3923 1185 4012 confidere,

107 4027 313 4118 praesertim
336 4051 445 4121 quum
471 4024 599 4098 scholl.
627 4029 662 4094 Α
688 4024 778 4095 nihil
803 4024 975 4117 habeant,
1010 4027 1079 4096 nisi
1101 4024 1188 4098 haec
1224 4090 1226 4094 Α

107 4123 213 4195 verba
253 4127 296 4198 »o
325 4127 509 4212 Ζηνόδοτος
536 4129 660 4224 γράφει
684 4129 851 4224 Γοργόνος
871 4170 951 4201 -.
984 4128 1002 4200 ό
1033 4134 1067 4200 δὲ
1085 4127 1188 4221 “Opa-

39 4266 45 4273 ·
106 4257 164 4320 ρος
186 4239 285 4323 χωρὶς
311 4234 372 4300 τοῦ
398 4238 418 4299 ν
444 4237 550 4320 λέγει(
590 4231 630 4298 in
662 4226 792 4322 quihus
818 4226 968 4298 Hesiodi
1004 4225 1104 4299 nulla
1135 4237 1189 4298 est
1314 4318 1319 4329 ι

107 4328 253 4396 mentio.
309 4329 464 4422 ἄκλητοι]
491 4330 635 4401 ἄπλατον
656 4328 763 4398 Voss.
792 4328 950 4426 Bandpl.
978 4356 1015 4426 p.
1030 4325 1086 4398 80
1117 4327 1184 4398 clr.

106 4451 168 4505 vs„
191 4423 268 4496 ld7
294 4439 329 4501 et
353 4423 449 4498 250.
503 4431 655 4503 ἅπλοιτοι
682 4425 738 4500 lu.
755 4424 796 4500 2.
825 4429 927 4502 Farr.
957 4476 1006 4490 -
1065 4425 1187 4530 φαταὶ]
