3044 5264
578 391 727 457 ΛΣΙΠΣ
758 387 1055 456 ΗΡΛΜΕΟΥΣ.

294 577 296 582 ’
376 585 431 660 Ἔν
450 592 559 685 μέσσῳ
586 593 621 660 δὲ
639 586 823 685 ’δράκοντος
847 595 902 678 ἔην
922 590 1047 688 φόβος,
1084 590 1156 667 οίίτι
1182 588 1327 690 φατειός,

207 731 256 787 11⁵
280 720 418 809 ἔμπαλιν
444 715 593 792 ὄσσοισιν
614 727 693 813 πυρὶ
717 726 956 811 λαμπομένοισι
979 718 1147 818 δεδορκώς.
1195 747 1198 754 ·

279 849 341 922 τοῦ
363 853 420 916 καὶ
441 843 587 919 ὀδόντων
606 857 667 938 μέν
689 852 795 932 πλῆτο
817 845 927 938 στόμα
950 849 1046 927 λευκά
1066 846 1223 934 θεόντων,

281 977 408 1056 δεινῶν,
441 971 609 1062 ἀπλήτων,
643 981 696 1049 ἐπὶ
721 982 755 1050 δὲ
777 982 952 1071 βλοσυροῖο
976 975 1128 1069 μετώπου

282 1101 369 1188 δεινὴ
388 1101 478 1197 Ἔρις
501 1101 682 1201 πεπότητο,
713 1102 923 1195 κορύσσουσα
943 1104 1061 1183 κλόνον
1081 1104 1223 1203 ἀνδρῶν·

282 1236 426 1322 σχετλίη,
463 1227 552 1326 ἥρα
576 1228 656 1309 νόον
677 1260 712 1302 τε
737 1241 792 1304 καὶ
813 1238 847 1303 ἐκ
871 1239 994 1328 φρένας
1016 1240 1129 1308 αἴνυτο
1155 1241 1281 1333 φωτῶν,

206 1375 259 1440 15⁰
284 1355 400 1439 οἵτινες
425 1354 575 1445 ἀντιβίην
598 1354 742 1450 πόλεμον
762 1359 840 1442 Διός
864 1358 913 1430 υἷἰ·
935 1366 1074 1456 φέροιεν.

184 1508 188 1515 ·
283 1488 350 1554 τῶν
373 1491 429 1554 καὶ
453 1493 558 1579 ψυχαὶ
578 1495 638 1575 μέν
654 1483 768 1576 χθόνα
791 1483 915 1563 δύνουό
943 1486 1063 1572 ’Ἀίδας
1087 1495 1160 1564 εἴσω

286 1609 411 1683 αὐτῶν·
434 1609 534 1686 ὀστέα
563 1619 599 1688 δέ
626 1641 704 1709 σφι,
736 1622 810 1708 περὶ
835 1613 940 1711 ῥινοῖο
965 1621 1129 1703 σαπείσης,

285 1742 416 1834 Σειρίου
443 1738 594 1826 ἀζαλέοιο
620 1750 749 1842 κελαινῇ
773 1740 917 1813 πείθεται
944 1751 1012 1844 αζη,

212 1884 222 1905 ·
285 1869 319 1935 έν
340 1869 375 1936 δὲ
398 1869 552 1962 προίωξίς
576 1897 612 1944 τε
636 1872 789 1954 παλίωξίς
813 1900 848 1942 τε
869 1879 1016 1944 τέτυκτο·

211 2017 259 2071 155
285 1998 319 2065 έν
344 1991 375 2063 δ’
406 1990 534 2102 ὅμαδός
558 2025 608 2077 τε,
643 1995 753 2091 φόβος
776 1995 802 2066 τ’
813 2048 823 2079 ,
855 1995 1075 2091 ἆνδροκτασίη
1101 2026 1137 2070 τε
1157 1995 1270 2084 δεδήει.

285 2128 319 2194 έν
341 2119 372 2191 δ’
396 2124 478 2217 ἔρις,
513 2127 547 2194 έν
574 2127 608 2203 δὲ
633 2124 790 2216 κυδοιμὸς
810 2123 964 2201 έδόνεον·
993 2123 1079 2199 ε’νδ’
1108 2123 1190 2211 όλοίη
1216 2133 1299 2218 Κηρ,
1333 2154 1336 2159 ’

285 2244 388 2321 ἄλλον
411 2245 494 2331 ζωόν
519 2250 639 2339 ἔχουσα
662 2247 855 2339 νεούτατον,
892 2248 993 2326 ίίλλον
1016 2248 1148 2331 ίίουτον,

287 2371 389 2450 άλλον
411 2379 584 2459 τεθνηῶτα
606 2376 690 2447 κατά
717 2375 833 2468 μόθον
853 2383 922 2450 έλκε
951 2381 1091 2457 ποδοΐίν.

287 2495 363 2588 εἷμα
387 2496 419 2567 δ’
447 2497 488 2592 ἔχ’
518 2497 600 2603 ἄμφ’
635 2500 753 2593 ὤμοισι
777 2509 953 2600 δαφοίνεον
976 2504 1091 2596 α’ίματι
1112 2508 1240 2602 φωτῶν,

113 2677 119 2689 ·
212 2655 262 2712 10⁰
288 2627 393 2704 δεινόν
417 2635 611 2733 δερκομένη,
646 2636 805 2730 καναχῇσί
829 2661 864 2704 τε
887 2638 1063 2728 βεβριχνῑα,

382 2755 440 2829 Ἐν
465 2756 496 2828 δ’
524 2756 631 2856 ὀφίων
660 2768 802 2856 κεφαλαὶ
827 2764 937 2834 δεινῶν
957 2763 1050 2843 ἕσαν,
1088 2759 1161 2831 οὔτι
1184 2762 1336 2855 φατειῶν,

287 2884 426 2972 δώδεκα,
459 2895 516 2958 ταὶ
542 2894 724 2985 φοβέεσκον
751 2894 804 2959 ἐπὶ
826 2896 929 2983 χθονὶ
952 2886 1024 2983 φῦλ’
1055 2883 1252 2982 ἀνθρώπων,

288 3017 403 3100 οἵτινες
425 3005 575 3106 ἀντιβίην
595 3016 741 3106 πόλεμον
765 3015 844 3096 Διός
865 3013 913 3085 υἷϊ
936 3021 1076 3123 φέροιεν.

288 3152 353 3218 τῶν
373 3154 430 3217 καὶ
454 3141 598 3215 ὀδόντων
619 3153 680 3234 μέν
696 3142 818 3234 καναχὴ
841 3148 949 3222 πέλεν,
986 3134 1057 3214 εότε
1080 3138 1220 3234 μάχοιτο

213 3296 264 3351 165
286 3264 603 3366 Ἀμφιτρυωνιάδης·
630 3267 729 3339 τότ’δέ
755 3273 864 3341 δαίετο
889 3267 1008 3341 θωίίτά
1031 3270 1122 3363 ἔργα.

290 3406 455 3487 στίγματα
481 3392 512 3464 δ’
543 3392 586 3480 δίς
610 3401 772 3491 ἐπέφαντο
799 3396 878 3467 ἰδεῖν
899 3400 1030 3469 δεινοῖσι
1053 3390 1229 3486 δράκουσιν

289 3525 408 3601 κυάνεα
438 3523 522 3596 κατά
545 3529 649 3605 νῶτα,
685 3521 903 3615 μελάνθησαν
927 3527 961 3593 δὲ
985 3527 1103 3612 γένεια.

388 3651 443 3733 Ἐν
474 3657 509 3728 δέ
534 3659 618 3723 συῶν
640 3648 752 3741 ιἠέλαι
773 3649 917 3742 χλοόνων
941 3653 1021 3720 ἔσαν
1045 3645 1102 3734 ἠδέ
1125 3641 1263 3718 λεόντων

291 3787 324 3863 ές
344 3787 449 3876 σφέας
474 3783 688 3869 δερκομένων,
728 3773 907 3846 κοτεόντων
930 3772 972 3845 θ’
1000 3778 1132 3861 ἱεμένων
1156 3800 1201 3845 τε.

216 3943 267 3997 ηη
290 3914 355 3981 τῶν
376 3915 432 3978 καὶ
457 3903 617 3996 ὁμιληδὸν
636 3906 740 3992 στίχες
768 3901 881 3986 ἤϊσαν·
909 3897 986 3971 οόδέ
1009 3926 1048 3969 νυ
1075 3895 1157 3988 τοίγε

291 4035 456 4127 οὐδέτεροι
480 4037 624 4125 τρεέτην·
651 4041 794 4126 φρίσσον
817 4058 854 4118 χε
873 4038 933 4117 μέν
953 4024 1088 4117 αὐχένας
1113 4027 1224 4123 ε’ίμφω.

291 4160 356 4251 ἤδη
380 4157 444 4250 γάρ
469 4182 548 4250 σφιν
573 4158 675 4233 ἔκειτο
695 4160 796 4245 μέγας
820 4160 885 4236 λῖς·
912 4149 1000 4246 ἀμφὶ
1026 4156 1060 4222 δέ
1080 4149 1200 4244 κάπροι

293 4296 395 4367 δοιοί,
428 4278 651 4374 ἀπουράμενοι
674 4277 799 4374 ψυχάς·
824 4277 909 4350 κατά
936 4282 972 4348 δέ
997 4305 1058 4372 σφι
1078 4275 1226 4348 κελαινόν

293 4413 359 4507 αἷμ’
394 4406 566 4500 &ml-ciffi?
595 4406 701 4502 ἔραζ’·
729 4414 760 4481 οί
785 4402 816 4478 δ’
846 4403 982 4497 αὐχένας
1005 4399 1209 4498 ἐξεριπόντες,
