3044 5264
351 438 631 516 APPARATUS
661 437 885 516 CRITIOUS.
1086 431 1162 506 165

80 667 158 715 esse
184 651 344 739 poterat,
383 666 489 739 quum
514 652 556 715 ut
577 643 653 739 ipse
680 643 832 739 primum
855 641 900 713 ad
922 651 1097 714 cerlemen
1124 669 1162 715 se

80 745 283 841 accingeret
306 752 342 813 et
366 753 551 838 propterea
579 766 599 815 e
624 767 733 816 curru
760 743 1016 831 descensurus,
1065 744 1161 814 lolro

80 844 203 917 irenes
239 842 415 941 regendos
447 843 620 936 traderet,
666 843 796 916 deinde
827 870 911 916 vero
947 843 1082 916 lolaum
1118 844 1163 916 ed

79 943 325 1018 fortitudinem
362 953 516 1015 veterem
550 968 646 1017 nunc
677 943 894 1042 probandam
932 944 1166 1019 admoneret?

82 1046 307 1141 Quamquam
344 1046 436 1115 euim
471 1056 573 1141 poeta
607 1056 722 1137 tecet,
773 1055 889 1117 tumen
927 1057 1073 1143 propter
1105 1071 1159 1118 vs.

80 1143 157 1218 521
189 1150 254 1217 hoc
272 1147 349 1244 ipso
364 1155 541 1223 momento
551 1146 741 1220 Herculem
759 1146 802 1219 de
824 1172 931 1220 curru
950 1146 1162 1220 descendere

81 1247 258 1338 voluisse,
303 1244 529 1345 cogitandum
562 1258 630 1320 est.
709 1249 876 1320 Poterant
911 1248 973 1320 illo
1007 1258 1163 1345 tempore

82 1360 258 1421 certamen
290 1348 439 1418 evitare:
488 1358 582 1420 reete
608 1351 663 1419 vin
697 1375 806 1447 quum
832 1348 1013 1447 Apollinis
1044 1347 1191 1421 lucum'

80 1449 272 1549 petendum
308 1473 521 1545 omnemque
556 1451 682 1522 Mortis
727 1453 888 1522 timorem
927 1447 1164 1522 obiiciendum

81 1577 160 1623 esse
184 1546 339 1640 diceret,
384 1548 492 1619 simul
516 1575 555 1622 se
581 1577 793 1651 quemquam
828 1552 999 1641 invitum,
1047 1561 1164 1623 tumen

80 1651 126 1722 ed
152 1662 329 1722 certamen
354 1648 579 1722 subeundum
610 1663 811 1751 promptum
834 1677 911 1723 esse
932 1664 1165 1751 paratumque

78 1751 310 1851 significavit.

184 1853 285 1946 Quae
322 1850 441 1924 Iolaus
481 1850 691 1951 respondet,
741 1852 798 1925 his
829 1855 1010 1949 aptissime
1036 1877 1165 1925 conve·

82 1957 201 2028 niunt.
281 1952 438 2022 Primum
474 1955 569 2025 euim
604 1978 761 2026 caussam
797 1954 972 2051 explicet,
1023 1979 1087 2025 cur
1115 1952 1166 2025 dii
1246 1939 1253 1953 ’
1298 2006 1311 2031 ,

83 2057 273 2128 Herculem
296 2064 392 2124 tento
418 2056 456 2124 in
481 2056 671 2127 certamina
697 2057 881 2126 mis'erintr
927 2053 1055 2127 deinde
1089 2056 1165 2152 ipse

84 2170 157 2230 tom
190 2181 269 2228 sese
304 2155 430 2226 fortem
461 2167 694 2254 paratumque
726 2156 901 2248 ostendit,
949 2165 989 2227 ut
1023 2156 1083 2226 vix
1120 2152 1166 2225 sb

84 2258 187 2330 lroste
217 2255 370 2354 petendo
406 2282 444 2327 se
478 2265 673 2353 tempertre
709 2269 848 2354 posset,
906 2269 941 2330 et
977 2255 1165 2328 Herculem

84 2359 174 2431 adeo
221 2357 266 2428 ed
304 2380 399 2426 urmn
443 2357 614 2428 sumendo
651 2357 877 2449 adhortetur,
927 2383 1074 2455 prorsus
1112 2355 1165 2427 illi

86 2460 184 2532 lolao
206 2457 352 2548 similis,
390 2483 496 2554 quem
514 2456 746 2531 Stesichorus
763 2457 1020 2551 celebravern13
1057 2483 1167 2554 seque

85 2589 166 2635 cum
195 2558 349 2631 Hercule
373 2561 560 2656 coniungit
594 2561 654 2635 δύο
685 2570 806 2646 παῖδας
837 2554 1008 2654 ἇμὶύμονος
1038 2559 1167 2632 Ἀλκεί-

85 2675 169 2747 ὁαο,
206 2688 260 2731 vs.
278 2656 368 2730 112.
447 2660 540 2753 Quis
567 2671 681 2732 eutem
705 2685 802 2756 spem
829 2663 1063 2748 excitaverat,
1091 2659 1168 2728 fore

86 2776 129 2835 ut
153 2764 287 2833 inimici
313 2760 498 2859 fugerent:
535 2773 656 2857 posteo
684 2759 855 2832 Hercules
884 2771 1024 2848 mouet,
1052 2758 1166 2829 immi·

87 2890 174 2937 nere
209 2867 278 2934 ium
315 2888 492 2960 pugnarn„
539 2885 702 2959 equoque
724 2863 858 2931 Arione
889 2860 1064 2955 imprimis
1089 2882 1166 2930 esse

87 2960 352 3040 confidendum.
431 2965 641 3060 Priusquam
690 2963 801 3060 igitur
824 2962 1019 3049 Hercules,
1060 2959 1168 3029 armis
1207 3033 1209 3053 ὲ

86 3068 261 3161 sumptis,
318 3090 356 3136 se
390 3063 434 3135 ed
477 3078 653 3136 certamen
694 3065 871 3160 accingit,
925 3070 1019 3133 recte
1051 3058 1166 3150 docet,
1207 3056 1208 3062 '

88 3167 176 3268 quid
202 3167 297 3237 lolao
324 3164 524 3237 faciendum
556 3167 616 3236 sit.
691 3168 765 3235 Aut
797 3166 907 3263 igitur
932 3162 1037 3235 fallor
1068 3162 1168 3258 eqni·

89 3271 170 3340 dem
196 3280 257 3338 eut
282 3266 368 3339 haec
393 3268 510 3366 imago
535 3271 682 3338 heroum
704 3288 782 3336 sese
803 3267 954 3336 invicem
980 3261 1168 3335 exhorten-

89 3373 180 3443 tium
215 3370 410 3466 imprimis,
458 3380 499 3439 ut
531 3368 695 3457 videtur,
741 3365 830 3438 lulai
863 3363 1014 3437 ornandi
1045 3387 1169 3436 caussa
1202 3432 1205 3439 .

89 3471 265 3562 admissa,
302 3496 374 3540 nou
401 3480 455 3541 est
479 3467 558 3541 loco
582 3494 648 3542 suo
672 3466 860 3540 movendo.

115 3606 116 3609 ¹
191 3568 255 3642 98.
308 3573 518 3665 ὑποδδείσας]
543 3573 693 3658 ὑποδδεὶς
711 3568 785 3641 lm.
818 3570 967 3643 dnoddei'e
982 3565 1048 3636 ll.¹
1084 3564 1170 3635 Pos-

90 3675 142 3745 sis
164 3671 207 3743 de
230 3674 436 3768 imperativo
458 3674 627 3770 cogitare.

191 3769 255 3842 99·
310 3776 347 3858 ὃς
371 3770 443 3872 νῦν]
471 3776 587 3859 ὅςκαὶ
611 3774 740 3848 νῦνΑ.

190 3878 361 3972 κεκληγὼς]
387 3879 544 3966 κεκλογώς
568 3874 645 3943 lm.
769 3890 772 3894 ’

192 3985 431 4073 περιμαίνεται]
457 3988 546 4072 περὶ,
576 3987 727 4070 μαίνεται
749 3971 799 4063 C,
828 3992 898 4044 non
913 3968 1022 4042 mole.
1068 3969 1172 4039 Cerle

91 4076 186 4172 opud
199 4077 391 4147 Homerum
417 4083 671 4170 περιμαίνεσθαι
693 4074 823 4146 frustm
846 4069 1170 4171 quaeritur.·l)iec·.

92 4181 157 4264 »dc
190 4186 249 4252 νῦν
277 4189 429 4272 μαίνεται
456 4178 521 4250 ὑπὸ
555 4187 672 4272 deperi
703 4187 759 4251 καὶ
782 4185 844 4265 τῆς
866 4185 943 4273 περὶ
977 4175 1037 4261 τὴν
1051 4170 1175 4266 ’μάχην

92 4280 233 4372 ὁρμῆς.ι
307 4277 518 4349 Accnratius
551 4277 580 4347 1.
619 4280 682 4362 [ὃς
705 4286 764 4352 νῦν
794 4285 882 4369 βοῶν
912 4285 986 4375 περὶ
1018 4277 1056 4349 τό
1089 4273 1188 4369 ἱερὸν,

92 4380 195 4465 ἄλσος
225 4387 286 4455 τοῦ
317 4381 525 4467 ’Λπόλλωνος
553 4386 724 4475 μανιωδῶς
748 4384 982 4477 reprimerem
1056 4375 1113 4445 111²
1127 4370 1171 4442 lla

93 4482 290 4575 00001ηγώςο
316 4480 451 4579 κράζων.
463 4478 485 4544 ί
1136 4508 1138 4513 ·

839 4597 904 4674 11·
