3044 5264
206 418 291 494 noa
375 402 377 407 ’
497 423 810 504 sonomoatm
845 367 1005 507 amco,

206 636 272 706 vit.
335 635 427 707 Nam
464 635 503 707 in
538 634 641 707 nullo
675 634 769 709 lihro
790 613 958 709 Tzhtaae'
978 662 1108 709 nomen
1123 634 1125 638 ’
1143 637 1304 738 legitur,

207 763 411 836 quanquam
447 737 665 810 ach'oliorum
698 750 760 810 ant
784 764 868 837 pars
899 752 961 811 ant
989 751 1061 811 tota
1088 739 1236 836 farrago
1264 743 1306 811 in

206 836 372 935 pluribus
395 851 532 937 reperta
553 850 625 930 cst,
659 843 757 911 utin
783 841 922 913 AEFG
949 852 985 914 ct
1012 843 1049 911 in
1075 841 1156 913 cod.
1175 843 1305 934 Mon„

207 941 245 1011 in
274 969 348 1041 qno
373 954 468 1014 recte
487 941 548 1012 illa
582 943 732 1036 »Σχόλια
757 947 882 1016 παλαιὰ
908 955 974 1018 τῶν
998 946 1085 1017 πάνυ
1111 954 1305 1037 δοκίμων,

208 1048 450 1117 nominantur.
503 1043 660 1114 Maxima
684 1054 802 1115 tamen
828 1070 953 1116 caussa
990 1056 1046 1117 est
1080 1047 1156 1142 ipsa
1193 1045 1304 1119 scho-

207 1146 337 1220 liornm
370 1144 522 1218 indoles.
584 1146 778 1217 Testantnr
811 1148 904 1218 onim
936 1147 1112 1245 imprimis
1141 1159 1304 1220 vetusta-

208 1246 303 1340 tcn'a‘,
342 1273 435 1346 qnae
460 1274 505 1319 ex
532 1247 720 1319 Heraclide
746 1247 894 1319 Pontico
928 1248 972 1320 ad
1004 1274 1061 1319 vs.
1088 1245 1161 1335 70,
1214 1251 1305 1320 Ari·

208 1348 315 1423 aetho
348 1347 396 1421 a'd
433 1375 488 1420 vs.
512 1346 617 1437 120,
668 1347 948 1448 Glossographis
992 1349 1038 1420 ad
1072 1377 1128 1422 vs.
1148 1347 1229 1422 216
1266 1363 1305 1423 ct

207 1451 363 1526 Seleuco
392 1448 439 1522 od
463 1476 518 1523 vs.
543 1446 624 1521 1115
662 1449 867 1521 laudantur.
933 1452 1128 1523 Testantnr
1161 1452 1305 1524 scholia

209 1552 507 1652 prudentissima,
547 1550 651 1651 qnale
677 1551 768 1622 illnd
794 1563 849 1623 est
880 1550 926 1623 ad
951 1579 1006 1624 vs.
1024 1550 1107 1624 384
1133 1562 1209 1652 qno'
1226 1555 1305 1626 llo·

210 1680 330 1728 merus
356 1665 393 1726 et
416 1653 526 1726 hnins
549 1655 717 1727 carminis
737 1666 862 1725 anctor
879 1656 975 1726 intes·
990 1681 1029 1726 se
1047 1655 1301 1729 conferuntur.

210 1757 379 1830 Testatur
404 1754 559 1856 deniqne
583 1755 711 1827 hornm
732 1754 949 1827 scholiorum
974 1759 1191 1854 comparatio
1216 1784 1304 1828 curn

209 1858 423 1952 Maroneia,
461 1854 666 1957 quanquam
692 1882 767 1929 non
800 1861 1024 1956 negaverim,
1068 1859 1125 1930 his
1154 1884 1304 1958 qnoque

206 1959 523 2036 vaeribusffmutta
549 1959 703 2031 admixta
731 1984 808 2030 csse
833 1962 1030 2033 recentiora
1064 1970 1100 2031 et
1125 1987 1170 2032 ex
1197 1970 1302 2057 parte

207 2064 341 2159 turpia.
396 2063 580 2133 Postremo
606 2063 747 2132 reticeri
769 2086 842 2131 non
868 2059 994 2151 debat,
1036 2062 1210 2134 nonnulla
1234 2061 1305 2133 ho·

208 2189 289 2236 rum
326 2160 544 2234 scholiorum
579 2187 670 2260 qnae
696 2162 847 2234 Tzetzae
877 2164 1094 2259 eripuimus,
1143 2166 1213 2234 iam
1239 2163 1303 2234 da·

210 2266 341 2360 scripta
365 2288 443 2335 csse
469 2261 514 2334 ah
538 2275 681 2334 auctore
711 2261 831 2362 Etym-
855 2264 934 2355 M.,
971 2265 1162 2362 Symeone.
1207 2264 1303 2338 Nam

210 2365 375 2438 conferas
412 2363 542 2455 velim,
599 2390 845 2463 quaecumque
889 2367 926 2436 in
962 2371 1057 2464 App.
1097 2367 1223 2439 critico
1260 2392 1305 2437 cx

210 2467 329 2566 Etym.
357 2465 410 2538 Μ.
434 2465 631 2564 adscripsi3
669 2468 707 2537 in
734 2479 859 2564 poetae
883 2467 1004 2539 verbis
1028 2468 1220 2540 allerendis
1248 2470 1305 2540 in·

210 2569 351 2642 tardum
380 2594 403 2640 a
429 2580 550 2640 nostra
576 2569 753 2665 scriptura
778 2567 913 2640 recedit
938 2581 974 2642 ct
1006 2569 1153 2642 meliora
1184 2571 1304 2658 affert,

209 2682 252 2744 nt
280 2673 318 2742 in
345 2697 398 2743 vs.
417 2667 511 2762 597,
547 2673 591 2741 in
615 2669 851 2767 explicatione
884 2696 970 2743 vcro
992 2671 1214 2770 singularum
1240 2696 1306 2742 vo·

210 2800 313 2861 cnm,
360 2799 450 2870 qnae
487 2774 626 2864 attulit,
670 2773 740 2843 tam
775 2785 938 2845 accurata
973 2773 1186 2871 plerumque
1220 2799 1304 2844 cum

210 2874 358 2946 scholiis
384 2878 516 2947 nostris
534 2877 721 2964 convenit,
751 2885 792 2945 nt
814 2873 875 2944 uhi
902 2876 989 2947 haec
1015 2887 1180 2970 corrupta
1202 2884 1303 2962 sunt,

211 2975 269 3047 vel
304 2988 399 3047 certe
432 2976 557 3049 ordino
592 3001 664 3049 non
697 2987 795 3047 recto
828 2980 963 3073 posita,
1019 2975 1069 3045 ibi
1098 2976 1218 3074 Etym.
1246 2976 1301 3045 Μ.

211 3077 334 3150 eadem
360 3081 498 3150 ratione
520 3078 658 3175 lapsum
684 3080 751 3168 sit,
793 3088 834 3148 ut
859 3077 904 3148 ad
929 3103 983 3148 vs.
1004 3074 1096 3147 291.
1152 3082 1204 3149 Ac
1232 3101 1306 3147 me·

210 3189 350 3250 moratu
377 3178 628 3276 dignissimum
657 3204 733 3250 esse
759 3176 921 3268 videtur,
950 3205 995 3250 ne
1023 3206 1132 3250 onum
1158 3178 1305 3276 quidem

127 3311 130 3317 ·
211 3277 370 3351 locorum
402 3304 446 3350 cx
475 3281 631 3353 Hesiodo
656 3281 863 3352 haustorum
897 3281 934 3350 in
961 3282 1081 3379 Etym.
1115 3280 1213 3353 Gnd.
1250 3282 1307 3350 in·

211 3382 346 3472 veniri,
381 3383 420 3451 in
446 3407 518 3478 quo
544 3395 666 3455 contra
693 3381 762 3451 alia
788 3380 923 3454 scholia
949 3384 1151 3480 antiquiora
1175 3381 1307 3479 legun·

210 3495 292 3576 tnr,
325 3493 365 3555 nt
391 3506 428 3580 p.
444 3481 509 3573 69,
531 3481 585 3553 12
613 3510 657 3555 ex
680 3483 943 3579 Epaphrodito,
983 3511 1136 3583 quornm
1164 3482 1309 3553 nullom

212 3598 268 3657 est
292 3587 330 3656 in
347 3587 466 3683 Etym.
486 3587 537 3656 M.
562 3586 751 3682 vestigium
770 3584 817 3681 ⁴).
873 3586 925 3657 lta
946 3585 1054 3656 simul
1073 3587 1188 3657 evinci
1207 3582 1306 3656 vidc·
1366 3603 1369 3609 '

212 3700 294 3778 tur,
341 3691 574 3787 recentiorem
613 3713 692 3759 esse
733 3688 959 3760 collectorem
1004 3689 1122 3787 Etym.
1161 3687 1305 3785 Magni,

212 3816 317 3889 quarn
346 3787 518 3861 Gudiani.

316 3890 448 3962 Vetera
490 3893 601 3991 igitur
638 3890 772 3965 scholia
813 3892 845 3962 si
889 3889 1106 3962 desiderium
1142 3899 1307 3962 nostrum

212 3994 371 4065 excitent
399 3996 514 4092 magis
540 4020 647 4093 quam
674 3994 840 4090 explent:
886 3995 1000 4064 maior
1030 4002 1154 4065 contra
1180 4016 1306 4064 corum

215 4181 276 4192 ιι.-

282 4260 311 4322 d)
329 4259 482 4316 Dissentio
501 4260 591 4330 igitur
608 4279 624 4317 a
641 4262 748 4317 Naekii
770 4261 881 4316 iudicio
910 4263 1133 4333 »Etymologurn
1155 4260 1229 4314 enim
1255 4259 1307 4326 qni

215 4327 392 4396 inspexerit,
412 4332 530 4385 habebit
550 4333 670 4396 sontem,
690 4350 728 4386 ex
747 4350 803 4400 quo
822 4349 872 4385 sua
890 4331 1030 4388 derivavit
1044 4333 1184 4386 Tzatzesr
1207 4329 1306 4385 tetro.

214 4398 241 4452 d.
260 4397 375 4451 Pressa.
394 4400 598 4456 Raeto-Unio.
618 4404 646 4467 1,
667 4402 723 4466 lV,
752 4421 779 4472 p.
791 4404 858 4467 39t,
884 4415 969 4469 atque
990 4405 1018 4457 id
1038 4403 1123 4456 etiam
1142 4400 1306 4464 observari,

212 4464 327 4521 Scotum
353 4467 515 4524 nominarim
541 4483 570 4525 et
592 4484 725 4527 accurate
747 4474 783 4526 ab
801 4471 977 4541 Etymotogo
1001 4490 1056 4528 non
1080 4471 1163 4542 prius
1181 4486 1307 4526 comme·

213 4535 338 4605 morari,
358 4552 438 4606 quam
458 4557 485 4611 p.
494 4542 555 4609 366,
572 4543 615 4597 11.
1175 4547 1177 4551 ’
