3044 5264
218 423 299 499 292
491 419 706 506 CODICUM
744 421 1039 506 DESCRIPTIO.

220 661 321 711 meus
348 633 537 706 scribentis
562 633 740 724 calamus,
784 659 901 731 neque
927 631 1087 705 diversae
1113 628 1318 730 scripturae

220 739 391 835 colligere
418 736 653 833 farraginem,
693 734 755 805 sed
785 738 960 806 sentinam
992 737 1149 832 aliquam
1176 735 1315 807 exhau-

220 843 291 912 rire
318 839 406 910 mihi
433 837 586 909 viderer.
636 835 713 910 Nee
740 848 856 907 tamen
884 838 1042 933 poenitet
1070 835 1226 908 absoluti
1253 863 1319 909 ne-

220 942 324 1041 gotii.
395 938 664 1037 Experiendum
697 939 793 1010 enim
826 949 903 1009 erat
933 936 1148 1037 aliquando,
1194 965 1317 1010 snex

219 1040 352 1116 talibus
379 1044 483 1114 etiam
508 1039 610 1111 libris
633 1051 796 1111 accurate
823 1041 993 1136 inspeetis
1019 1042 1253 1138 excussisque
1279 1053 1318 1112 et

218 1147 313 1217 inter
339 1170 378 1215 se
409 1143 621 1238 comparatis
652 1144 770 1238 aliqua
798 1152 893 1212 eerte
919 1141 1053 1212 utilitas
1079 1145 1203 1239 quaeri
1231 1168 1317 1238 pos·

218 1257 285 1320 set.
342 1248 456 1343 Pergo
483 1245 596 1341 igitur
621 1242 743 1316 eadem
771 1244 828 1314 via
854 1254 890 1313 et
921 1243 1123 1313 institutum
1149 1243 1317 1315 ordinem

217 1373 434 1446 persequor:
489 1344 555 1417 hae
589 1346 812 1442 potissimum
851 1369 914 1440 spe
949 1345 1085 1435 fretus,
1129 1345 1228 1436 sore,
1273 1355 1318 1417 ut

217 1447 403 1520 historiam
434 1449 592 1518 criticam
619 1444 878 1519 Hesiodeornm
910 1441 1107 1516 carminum
1137 1446 1316 1544 aliquate-

218 1576 288 1622 nus
315 1551 534 1647 promovisse
566 1549 677 1620 diear.
743 1545 816 1618 Sed
848 1559 888 1618 ut
912 1549 1007 1620 iuste
1037 1548 1161 1619 ordine
1189 1550 1316 1644 dispu-

158 1699 161 1706 ι
218 1653 305 1734 tatio
336 1649 524 1748 procedat,
572 1653 727 1746 primum
754 1648 962 1746 singulatim
989 1648 1032 1743 de
1059 1646 1160 1720 libris
1181 1650 1313 1740 MSS„

218 1749 263 1826 de
300 1752 432 1852 quibus
470 1763 565 1824 certa
590 1752 751 1849 prol'erre
773 1763 921 1848 potero,
961 1776 1169 1848 exponam„
1215 1750 1316 1824 Sunt

217 1864 335 1928 autern
362 1848 437 1925 iere
465 1854 520 1924 hi:

320 1959 352 2026 l.
407 1955 528 2027 Codex
563 1944 654 2025 bibl.
693 1978 770 2051 reg.
809 1953 923 2027 Paris.
953 1947 1063 2024 9708
1097 1952 1157 2050 (A)
1197 1953 1313 2025 foruna

217 2054 411 2156 quadrata,
451 2056 679 2145 chartaceus,
722 2053 887 2146 saeculo,
928 2067 967 2126 ut
990 2055 1166 2146 lioehlero
1193 2057 1312 2125 visum

217 2170 286 2247 est,
315 2157 422 2247 xlv,
451 2157 595 2245 utaliis‚
620 2157 694 2226 XV
713 2170 890 2227 exaratus.
947 2159 1116 2229 Continet
1138 2154 1312 2235 1.·Ἡυι-

180 2295 183 2298 ·
208 2255 297 2335 ’ὁδου
320 2268 503 2350 θεογονίαν
526 2261 609 2349 μετὰ
634 2266 773 2350 σχολίων
797 2268 832 2333 ἐν
854 2271 1033 2357 μαργέλῳι
1058 2286 1142 2357 pag.
1161 2255 1180 2328 i
1202 2285 1309 2356 seqq.

145 2410 149 2428 .
216 2357 258 2429 2.
285 2367 383 2431 ιΤοῦ
408 2360 512 2431 αὐτοῦ
534 2365 681 2433 Ἀσπίδα
707 2362 792 2453 μετὰ
817 2393 866 2454 σχ.
890 2369 924 2434 ἓν
944 2369 1117 2459 precepitque«
1143 2387 1227 2457 pag.
1242 2359 1309 2430 18.

215 2456 257 2530 5.
285 2463 410 2555 Σχόλνα
429 2469 523 2556 ἕτερα
540 2464 586 2547 εἰς
601 2464 663 2551 τὴν
681 2470 861 2553 θεογονίαν
887 2462 915 2531 i'.
929 2459 994 2531 26.
1007 2459 1049 2530 st.
1079 2465 1184 2537 2‘110.
1200 2466 1313 2561 Ἔργα

214 2573 271 2639 καὶ
288 2563 443 2659 Ἡμέρας
460 2567 545 2654 μετά
564 2594 659 2637 τινων
680 2563 949 2655 ἁποσηναιώσεωυ
970 2565 1089 2658 ὀλίγων
1107 2574 1140 2638 ἐν
1159 2572 1206 2662 τῷ
1223 2599 1312 2662 μαρ-

214 2674 294 2761 yde
315 2675 371 2737 καὶ
391 2667 476 2755 μετὰ
498 2675 692 2757 magartae«
720 2665 823 2763 (sici)
852 2693 934 2762 pag.
951 2663 1016 2735 sti.
1069 2666 1208 2736 Deinde
1231 2668 1312 2736 Mo·

215 2764 380 2860 sehopnii
399 2762 532 2851 scholia
552 2767 589 2834 in
605 2765 724 2861 Opera
743 2778 778 2836 et
793 2767 900 2856 Dies,
927 2760 987 2838 Jo.
1006 2763 1154 2839 Diaconi
1173 2766 1312 2838 seboiia

214 2867 254 2937 in
265 2865 514 2964 Theogoniam
540 2863 655 2956 ΗΒ,
692 2864 808 2938 Procli
835 2867 912 2938 seir.
941 2871 976 2938 in
992 2870 1085 2965 Opp.
1114 2881 1150 2940 et
1168 2869 1255 2939 Dies
1280 2870 1309 2938 f.

215 2963 310 3057 Wt,
332 2969 420 3038 etin
438 2967 510 3039 iine
524 2967 733 3065 Dionpsinm
749 2970 1023 3040 euruliustatirio
1040 2997 1120 3040 suo.
1151 2972 1229 3042 Cfr.
1242 2971 1311 3041 Ca·

214 3067 278 3140 ul.
301 3062 415 3138 Codd.
435 3067 544 3140 MSS.
565 3071 678 3140 Paris.
704 3064 808 3140 Tem.
822 3069 872 3161 il,
922 3061 1039 3140 .3712.
1070 3069 1239 3143 lioehler.
1265 3071 1311 3143 de

215 3193 307 3239 nova
348 3163 405 3239 ed.
447 3170 535 3239 Hes.
584 3197 607 3240 r.
637 3168 672 3240 8.
737 3098 920 3243 Mnetzeli.
957 3199 993 3268 p.
1021 3169 1111 3244 1358.
1168 3172 1307 3244 Bernh.

215 3267 367 3365 Dionys.
395 3197 607 3365 pXXXi'.
648 3271 763 3343 tinisi'.
784 3284 881 3368 poet.
902 3274 990 3343 min.
1011 3272 1062 3362 ΙΙ,
1091 3302 1128 3371 p.
1141 3270 1187 3344 ‘li
1201 3300 1307 3372 seqq.

318 3369 367 3441 ΙΙ.
424 3368 546 3442 Codex
572 3369 662 3442 hibi.
693 3399 770 3470 reg.
802 3376 990 3447 Bavarieae
1015 3372 1096 3444 285
1123 3376 1206 3473 (Β),
1245 3377 1311 3472 qui

215 3469 301 3544 olim
340 3471 410 3542 ruit
441 3472 753 3543 JoannisAlberti
778 3469 1057 3567 Widmestadii,
1104 3480 1208 3548 euius
1245 3503 1311 3548 no·

214 3599 297 3645 meu
323 3575 458 3668 primae
485 3570 636 3672 paginae
662 3577 873 3671 inscriptum
901 3576 1047 3673 legitur.
1113 3577 1179 3649 Est
1204 3575 1309 3648 ehar-

213 3685 335 3746 taeeus
373 3674 507 3745 saeculi
535 3675 621 3745 XV.
692 3676 862 3748 Continet
900 3673 937 3747 1.
964 3677 1114 3750 Hesiodi
1139 3680 1310 3778 Theogo-

184 3803 186 3807 ’
213 3777 308 3845 niam
344 3800 425 3846 cnm
460 3774 620 3847 scholiis.
673 3773 715 3846 2.
750 3779 938 3855 »Ἡσιόδου
973 3783 1108 3874 πόνημα
1142 3794 1217 3878 περὶ
1251 3793 1312 3871 τῆς

213 3876 354 3964 ἀσπίδος
379 3886 439 3950 τοῦ
461 3878 712 3975 Ἡρακλέους,ι
745 3904 826 3949 eum
852 3892 1086 3977 argumento,
1121 3879 1309 3980 quodiam

213 3975 258 4047 ab
296 3977 392 4049 Aldo
427 3976 562 4049 editum
594 3990 665 4049 est:
713 3981 871 4075 »Τάφιοι
901 3984 1183 4077 στρατευοαντεςι
1218 3996 1305 4054 cett.

214 4088 250 4147 et
274 4080 403 4176 glossis
429 4077 740 4171 interfluentibus,
780 4081 847 4152 sol.
871 4077 925 4150 lt7
941 4079 1072 4154 -57,
1135 4083 1177 4155 5.
1206 4094 1310 4161 »Τοῦ

212 4178 342 4253 ὑπάτου
373 4187 439 4253 τῶν
461 4182 655 4282 φιλοσόφων
676 4182 829 4258 Ἰωάννου
854 4184 1009 4259 διακόνου
1036 4193 1100 4261 τοῦ
1106 4197 1109 4204 ’
1122 4194 1307 4281 πεδαοίμου

213 4275 306 4377 (sie)
336 4282 453 4374 σχόλια
481 4287 742 4384 παραφρυστινά
773 4288 819 4369 εἰς
844 4287 906 4372 τὴν
930 4297 990 4360 τοῦ
1013 4288 1181 4361 Ἠσιόδου
1207 4290 1308 4363 ἀσπί-

212 4386 292 4455 δα.ι
328 4380 357 4449 l'.
385 4377 438 4449 58
458 4427 508 4439 -
526 4379 592 4451 66.
657 4381 700 4453 4.
729 4392 791 4459 τοῦ
815 4393 1027 4482 Βουλγαρίας
1048 4393 1307 4486 χαρτουνύλακος

210 4479 328 4557 πόθου
346 4478 428 4583 (sic)
448 4489 506 4556 τοῦ
529 4494 586 4563 καὶ
609 4485 739 4562 ὑπάτου
764 4495 828 4562 τῶν
848 4489 1046 4588 φιλοσόφων
1068 4493 1170 4591 κόρου
1190 4493 1304 4567 Ἰωάν-
