3044 5264
499 382 781 468 APPARATUS
811 383 1036 460 celricus.
1229 384 1310 457 265

215 590 353 681 dicam,
397 616 528 665 nexum
556 617 675 662 rerum
698 617 719 662 a
745 605 848 689 pocta
885 590 935 663 ibi
968 599 1198 664 narratarum.
1257 597 1310 669 Ut

141 771 143 779 Α
216 691 425 768 Diomedem
440 691 535 788 apud
546 693 756 781 Homerum,
774 696 820 766 ita
837 693 1134 774 nuncllerculem
1145 698 1308 769 lllinerva

214 796 436 883 incitaverat,
465 805 506 865 nt
525 807 648 867 contra
664 797 814 867 lllartem
834 823 993 893 pugnare
1009 797 1171 887 auderet,
1196 802 1307 871 viam·

213 922 284 993 que
311 906 347 967 et
368 900 540 976 rationem
563 898 641 993 ipsa
668 896 856 987 docuerat,
890 895 972 968 555
984 925 1060 996 seq.
1116 898 1221 970 Nihil
1245 926 1308 971 au·

214 1010 286 1073 tam
312 994 374 1077 illa
400 997 445 1069 de
479 997 604 1096 clypco
636 997 852 1096 perforando
885 1002 957 1089 ait,
1002 998 1069 1072 sed
1104 999 1168 1072 ubi
1199 1001 1306 1074 deum

215 1100 336 1196 clypeo
355 1101 568 1178 denudatum
593 1103 858 1196 conspexisset,
882 1101 1030 1176 ibicum
1048 1101 1308 1182 vulnerandum

214 1227 292 1273 osse
315 1201 446 1276 edicit?
488 1201 562 1296 Qui
589 1199 704 1274 autern
731 1201 826 1274 valet
851 1206 982 1301 aliquis
1003 1204 1167 1302 elypeum
1193 1203 1307 1277 bostis

214 1305 396 1395 traiicere,
444 1315 632 1402 postquam
668 1304 768 1376 basta
804 1304 925 1376 eadem
954 1332 1041 1378 usus
1078 1307 1196 1378 lemur
1228 1309 1306 1380 eius

213 1408 398 1500 percussit.
456 1406 541 1478 Non
573 1405 676 1477 aliter
709 1408 808 1502 prior
842 1404 943 1478 loeus
968 1412 1007 1480 sc
1033 1407 1154 1480 babet.
1207 1409 1307 1480 Mars

213 1518 249 1577 ct
275 1508 448 1588 Hercules
474 1520 648 1606 pugnant.
704 1509 777 1580 Ter
803 1507 866 1579 ille
891 1513 988 1579 hasta
1012 1535 1203 1605 percussus
1229 1509 1307 1583 solo

212 1607 328 1706 clypei
364 1609 494 1685 robore
529 1621 712 1705 servatur,
763 1620 890 1708 quarto
928 1622 1047 1683 autem
1083 1612 1202 1682 lemur
1226 1614 1306 1683 eius

214 1710 490 1809 trausarligitur,
543 1736 616 1780 nou
661 1714 745 1811 quia
792 1737 887 1785 nnuc
928 1711 1104 1784 Hercules
1145 1712 1305 1783 divinum

213 1812 339 1887 Martis
375 1811 538 1908 elypeum
584 1811 839 1907 perforaverit,
897 1812 995 1911 qnod
1040 1812 1185 1912 quidem
1227 1814 1311 1885 fieri

213 1915 360 1983 omuino
386 1939 457 1982 nou
487 1915 623 2009 proterit,
660 1914 723 1986 sed
752 1914 935 1987 detexerat
964 1912 1103 2003 locnur,
1143 1911 1207 1985 ubi
1233 1914 1306 2013 elp-

214 2040 280 2108 pco
307 2013 461 2084 nudatus
494 2026 589 2105 erat,
637 2026 679 2086 ut
713 2014 979 2088 describebatur
1015 2018 1142 2087 Martis
1180 2015 1306 2087 vulne·

214 2114 315 2196 randi
340 2117 451 2206 ratio,
489 2112 584 2207 555,
608 2143 685 2215 seq.
742 2122 848 2199 Arma
879 2119 974 2199 euim
1001 2117 1147 2200 deorum
1174 2144 1194 2190 a
1217 2116 1307 2187 Vul-

213 2243 302 2288 eauo
337 2218 530 2288 labreiaeta
577 2245 752 2316 nusquam
799 2218 1094 2318 perfringuntur3
1152 2219 1203 2290 dii
1238 2221 1307 2316 ipsi

214 2319 447 2390 vulnerantur
477 2323 522 2391 ab
558 2318 765 2391 hominibus
799 2346 1067 2417 saepenumero,
1135 2319 1207 2394 Sed
1239 2321 1307 2393 hcc

212 2448 257 2490 ex
282 2421 362 2493 loco
388 2432 424 2492 et
449 2448 492 2493 ex
517 2421 696 2498 similibus
722 2422 812 2493 disci
838 2434 978 2518 potest,
1025 2422 1151 2520 quales
1177 2421 1306 2494 habea·

212 2548 293 2599 mus
315 2535 351 2595 et
374 2522 584 2593 scholiastae
612 2534 646 2593 et
666 2521 916 2613 librosMSS,
946 2550 1097 2621 quorum
1114 2525 1306 2622 plerosque

212 2624 315 2710 urinae
340 2623 430 2693 illud
463 2626 663 2720 occupavit.
718 2637 856 2719 ιὲσχισα
889 2633 924 2697 δὲ
948 2638 1011 2705 aaz·
1031 2629 1069 2698 τὸ
1103 2627 1229 2709 uoluae«
1271 2638 1308 2696 et

214 2727 291 2796 loco
324 2727 522 2821 posteriore
571 2731 709 2816 »ἔπληξε
740 2735 775 2801 δὲ
806 2729 868 2822 τὴν
902 2727 1029 2802 ἀσπίδα
1059 2727 1238 2824 διαρῥὴξας
1274 2737 1308 2800 ἐν

213 2827 355 2924 deipara«
391 2827 441 2897 ait
467 2827 569 2897 Diae.
609 2833 767 2925 »διέραξα
794 2837 909 2904 δὲκαὶ
936 2843 1047 2924 tugano
1073 2831 1112 2912 td
1136 2839 1222 2921 μέγα
1248 2833 1307 2900 σά-

212 2960 268 3012 κος
290 2931 419 3002 edroi«
453 2929 620 3024 paraphr.
654 2929 681 2998 l'.
737 2928 814 3000 Nec
840 2940 957 2999 tamen
985 2954 1119 3001 omues.
1178 2932 1221 2998 ln
1248 2955 1301 3000 vs.

214 3027 289 3109 'llll
325 3034 449 3126 σαρκὸς
484 3056 550 3126 pro
586 3032 687 3119 σάκος
723 3029 1061 3121 exhibent-HIM,
1114 3032 1152 3102 in
1184 3041 1307 3101 nostro

215 3158 328 3224 arnus,
354 3158 458 3228 quem
471 3131 706 3203 Thiersebius
723 3134 900 3224 enotavit,
926 3135 1033 3232 signo
1050 3131 1135 3204 libri
1155 3159 1227 3203 unu
1243 3131 1305 3202 ad·

212 3232 298 3305 dito.
355 3235 459 3304 ilaue
480 3239 691 3331 scripturam
715 3234 946 3307 Hermauuus
972 3234 999 3306 l.
1024 3236 1050 3307 l.
1085 3262 1118 3332 p.
1142 3230 1195 3305 95
1227 3236 1305 3305 siue

213 3334 285 3406 ulla
317 3334 540 3407 dubitatione
577 3335 814 3413 reducendam
852 3335 962 3423 dixit,
1011 3363 1166 3455 eumque
1192 3338 1305 3407 secuti

212 3446 297 3507 suut
327 3436 533 3508 dubitanter
564 3437 710 3535 quidem
736 3439 880 3529 Boiam,
924 3438 1167 3536 Goeitlingrus
1194 3437 1304 3509 conli-

213 3537 348 3612 ‹lenter.
422 3541 464 3608 Et
500 3541 582 3636 quis
620 3565 693 3612 uon
738 3540 976 3616 assentiatur?
1038 3538 1305 3612 Coul'erendum

212 3652 290 3734 est,
318 3641 416 3749 qnod
438 3641 614 3713 Homerus
639 3642 710 3713 Od.
725 3642 834 3729 XlX,
845 3638 929 3712 1150
955 3642 999 3716 de
1024 3667 1110 3739 apro
1138 3640 1250 3711 dixit:

595 3744 614 3816 ὁ
641 3752 676 3818 δέ
700 3774 758 3836 μιν
782 3746 962 3843 φθάμενος
984 3756 1098 3820 ἔλασεν
1119 3750 1180 3828 σῦς

313 3846 433 3936 γουνὸς
457 3844 557 3942 ὕπερ·
584 3850 709 3920 πολλὸν
732 3853 768 3920 dl
792 3845 932 3945 διήφυσε
956 3849 1081 3942 σαρκὸς
1106 3846 1217 3929 ἁδόντι

313 3956 456 4043 λικριφὶς
479 3952 592 4033 ἀΐξας,
625 3949 697 4021 οὐδ’
726 3950 845 4032 ὀστέον
868 3951 958 4029 iirrcn
981 3949 1104 4047 φωτός.

214 4045 265 4118 lta
293 4046 386 4116 nibil
409 4049 520 4143 inepti
543 4043 583 4117 in
610 4047 730 4121 verbis
755 4061 881 4146 poetae
907 4050 1014 4121 inest.
1067 4048 1303 4147 Aliquantum

213 4145 357 4244 quidem
387 4149 537 4220 Martem
567 4147 714 4248 clypeus
746 4151 902 4221 adiuvit:
951 4163 1026 4223 tum
1059 4176 1145 4224 vero
1167 4150 1305 4222 Hereu-

216 4251 266 4320 los
284 4250 405 4321 fornnr
436 4249 657 4343 vulneravit,
694 4277 836 4334 caruem
864 4253 942 4324 eius
978 4254 1173 4348 percussit,
1219 4252 1304 4323 ess'e·

214 4351 356 4450 eitque,
404 4362 446 4424 ut
471 4352 559 4425 deus
589 4355 786 4433 interram
811 4354 1025 4426 concideret.
1093 4353 1177 4427 Nun
1214 4377 1305 4448 opus

212 4454 324 4554 igitur
338 4456 552 4531 coniecturis
567 4456 724 4533 virorum
745 4456 953 4554 doctorum,
980 4483 1136 4561 qnorum
1151 4455 1304 4528 Gnietus
1347 4448 1353 4461 ⁸
