3044 5264
342 423 623 503 APPARATUS
649 420 875 499 calatus
1076 412 1162 486 aas

39 626 153 700 'hilis
178 637 244 699 est.
301 625 404 697 Diae.
433 636 528 714 certe
554 627 610 725 ἄρ’
639 624 770 724 legisse
795 650 868 698 non
895 622 1050 697 videtur.
1097 627 1158 698 tit

69 732 163 802 enim
186 756 245 825 ap.
271 728 397 799 Trinc.
426 740 462 798 et
486 731 524 798 iu
550 730 594 798 Β.
635 737 777 802 »Πᾶσαι
803 731 885 822 γάρ·
926 731 965 803 τὸ
1000 737 1045 802 δὲ
1083 730 1158 804 ἀντὶ

69 841 130 906 τοῦ
154 835 250 928 γάρ·
277 831 410 926 εὕρηται
434 833 499 927 γάρ
522 833 559 903 τὰ
583 837 625 902 δὲ
649 836 723 904 άντὶ
745 838 808 905 τοῦ
831 829 916 925 γάρ,
942 841 998 904 καὶ
1023 832 1156 924 τὸγὰρ

69 936 144 1008 άντὶ
168 940 229 1006 τοῦ
254 940 298 1004 dt
328 935 382 1004 διά
413 935 456 1004 τά
486 945 613 1027 μίτραι
657 955 749 1027 quae
774 928 882 1000 verba
909 928 1001 1002 male
1028 932 1154 1002 lleins.

70 1046 107 1106 et
128 1031 316 1104 Heinrich.
346 1031 424 1103 loco
450 1058 516 1102 suo
550 1031 765 1127 depulerunt
790 1042 825 1102 et
850 1033 944 1102 inter
970 1031 1158 1132 technolo·

71 1136 151 1234 gica
178 1134 375 1204 retulerunt
397 1134 544 1205 scholia.
605 1131 818 1204 Gaisfordus
837 1159 921 1204 vero
944 1160 1158 1231 quamquam

70 1247 166 1307 recte
199 1261 239 1306 ea
274 1261 310 1330 p.
333 1229 415 1303 520
451 1236 598 1305 iustiore
623 1233 702 1306 loco
736 1236 874 1329 posuit,
929 1245 1047 1306 tamen
1083 1238 1159 1330 ipse

73 1363 216 1436 quoque
243 1362 316 1405 rein
349 1334 440 1405 male
466 1337 644 1426 instituit3
687 1361 759 1406 non
795 1333 948 1406 debebat
973 1338 1068 1407 enim
1094 1361 1159 1432 pro

71 1444 135 1535 γάρ
162 1465 207 1509 ex
237 1438 430 1507 lleiusiana
463 1436 713 1532 depravatione
751 1438 783 1509 δ’
818 1438 873 1534 ἄρ’
911 1436 1081 1510 scribere.
1110 1480 1160 1492 ν·-

73 1539 145 1612 Sed
170 1551 288 1609 utrum
321 1548 425 1622 ἴεντο,
467 1565 513 1608 au
547 1542 634 1613 ἰἐντο
669 1535 896 1608 scribendum
935 1541 1001 1628 sit,
1047 1542 1160 1609 incer·

72 1652 148 1711 tum
175 1650 242 1711 est.
306 1649 390 1714 ἵεντο
422 1639 690 1710 BCDthS
726 1639 810 1708 Ald.
844 1636 1017 1712 tu.t.2.
1056 1642 1174 1729 Bassa

75 1742 143 1812 »ln
166 1742 195 1811 Ε
219 1767 411 1837 asp.orn.«
443 1738 570 1811 ttoeht.
624 1749 709 1816 ἴεντο
739 1739 895 1811 Ahrens.
924 1739 951 1809 l.
975 1740 1001 1810 l.
1031 1768 1069 1837 p.
1088 1737 1158 1810 24.

173 1839 266 1912 252.
321 1850 434 1939 πιέειν]
459 1855 598 1916 πιαίνειν
631 1842 673 1912 C.
726 1843 922 1938 μεμάποιεν]
960 1845 1163 1936 μεμάρποιεν
1198 1916 1201 1921 ,

75 1956 197 2016 contra
224 1954 373 2013 metrum
413 1942 482 2012 CF
491 1942 693 2015 GtutmN
704 1943 788 2014 SV.
862 1945 945 2035 Fui}
978 1946 1083 2014 etiam
1124 1944 1162 2012 iu

24 2089 26 2093 -
76 2045 130 2135 li,
172 2045 234 2115 sed
260 2054 455 2116 correctum
483 2054 537 2114 est
561 2045 599 2113 in
626 2046 821 2138 μεμάποιεν,
872 2043 955 2115 add.
995 2043 1046 2142 gl.
1088 2045 1164 2118 άντὶ

75 2155 136 2221 τοῦ
160 2147 372 2242 μεμάρποιεν.
399 2191 450 2202 -
507 2150 728 2244 μεμάρπτοιεν
754 2147 795 2216 C·
821 2191 872 2202 —
932 2150 1094 2242 μάρποιεν
1120 2171 1164 2215 ex
1254 2237 1255 2240 Ἴ

76 2245 137 2318 illa
172 2243 392 2341 corruptela,
438 2258 478 2318 ut
506 2247 667 2338 videtur,
716 2273 735 2316 a
769 2246 944 2318 Triclinio
971 2256 1163 2335 summota,

76 2346 184 2419 habet
208 2349 241 2418 T
267 2349 331 2417 Tr.
355 2344 462 2419 tu.2.
493 2349 583 2446 Bog.
615 2375 688 2446 mg.
717 2347 843 2445 steph.
898 2350 1008 2419 Recte
1035 2347 1162 2444 Steph.

78 2448 198 2520 »Malo
229 2453 409 2541 μεμάποιεν
443 2474 549 2545 quam
584 2451 762 2547 μάρποιεν,
814 2476 887 2520 non
919 2448 1034 2520 solum
1069 2447 1167 2546 quod

80 2575 160 2620 cum
187 2550 369 2643 μεμάποιεν
394 2548 523 2620 melius
548 2549 636 2620 {luet
661 2574 808 2638 versus,
847 2549 1041 2621 sedetiam
1068 2549 1167 2645 quod

79 2663 115 2720 et
141 2677 247 2744 supra
275 2675 349 2719 ver.
370 2645 446 2718 251
479 2648 637 2745 legamus
662 2660 784 2744 ἱέμεναι
807 2661 960 2744 μαπέειν,
1005 2662 1042 2723 ct
1071 2649 1166 2720 infra

79 2777 116 2820 v.
139 2747 224 2819 504
260 2760 378 2843 ἱέμενοι
401 2761 572 2844 panium«
1166 2779 1169 2783 “

181 2848 274 2921 255.
328 2851 398 2922 llic
433 2876 558 2921 versus
600 2852 646 2921 a'b
680 2848 792 2921 altero
823 2850 1022 2922 Basileensi
1058 2852 1167 2922 inter·

80 2963 180 3051 prete
218 2978 365 3049 prorsus
401 2953 553 3022 omissus
588 2963 660 3040 est,
707 2977 814 3042 casu,
865 2964 906 3033 ut
942 2955 1083 3049 opinor.
1118 2994 1169 3006 -

80 3057 273 3150 νεούτατον]
300 3054 463 3129 νεώτατον
489 3051 604 3125 GSV
630 3052 704 3122 vid.
734 3053 821 3123 inlr.
854 3052 898 3123 ad
924 3080 978 3124 vs.
1000 3050 1094 3124 265.
1119 3097 1170 3109 -

82 3165 186 3255 αὐτῷ]
214 3165 320 3230 αὐτῶν
346 3156 393 3224 Η.
431 3157 494 3252 qui
521 3157 635 3226 voluit
660 3155 811 3227 sortasse
848 3157 980 3231 »αὐτῶν
1016 3158 1169 3250 deiopeia«

82 3260 192 3328 Recte
220 3258 321 3327 Diae.
351 3282 509 3352 corpus
541 3256 697 3327 huminis
723 3256 912 3355 iutelligit,
958 3259 1015 3329 cui
1041 3255 1170 3329 deinde

25 3401 29 3407 ·
82 3359 173 3455 ψυχή
208 3359 420 3455 opponitur,
461 3368 502 3428 ut
536 3383 644 3455 supra
670 3358 725 3429 us.
747 3354 836 3429 151.
876 3362 989 3459 »ἀμφὶ
1020 3373 1081 3455 μὲν
1112 3359 1171 3434 αὐ-
1226 3386 1229 3391 ·

82 3492 166 3534 τινε

184 3556 278 3631 254.
331 3561 432 3658 βάλλΪ
462 3562 596 3655 ὄνυχας]
636 3560 690 3632 lta
723 3573 846 3633 omnes
873 3558 956 3631 libri
987 3561 1111 3656 scripti
1137 3569 1172 3630 et

85 3659 186 3732 editi.
239 3663 295 3732 Ac
331 3661 541 3733 scholiastae
577 3665 830 3758 paraphrastici
864 3661 1007 3759 quidem
1040 3659 1171 3757 plurali

85 3774 257 3852 utuntur,
299 3762 415 3859 (Diae.
445 3775 542 3860 »περὶ
563 3778 624 3856 μὲν
648 3772 694 3861 τῷ
719 3765 847 3857 σώματι
870 3772 991 3838 ἐκείνου
1013 3763 1173 3854 ε’πὴγνυον

85 3867 166 3948 τοὺς
195 3865 357 3958 μεγάλους
392 3865 535 3958 ὅνυγαςι
570 3875 605 3935 el
630 3863 651 3932 s
680 3865 792 3965 ιᾶμφὶ
822 3875 883 3958 μὲν
920 3866 1022 3940 αὐτὸν
1054 3872 1174 3957 ἔβαλον

85 3967 165 4050 τοὺς
190 3969 351 4057 μεγάλους
388 3961 578 4063 &ragasch
627 3963 690 4034 sed
735 3963 891 4036 teehuol.
941 3965 1021 4038 »ὅτι
1056 3968 1100 4048 εἰς
1133 3965 1172 4037 τὸ

85 4067 184 4156 βάλλ’
214 4069 331 4158 ὄνυχας
357 4098 372 4138 ε
395 4067 500 4158 μόνον
517 4075 721 4165 κουφίζεται,
747 4069 849 4161 ὥςπερ
875 4078 931 4140 καὶ
956 4075 990 4139 ἐν
1009 4076 1054 4164 τῷ
1073 4071 1171 4140 ποσσ’

87 4167 264 4240 ἁπαλοῖσιν
290 4197 347 4251 ιι.
401 4165 454 4236 De
479 4167 558 4237 loeo
585 4165 754 4237 mutando
780 4168 950 4263 cogitavit
981 4164 1174 4264 aliquando

87 4266 317 4336 Hermannus
341 4267 378 4336 in
389 4264 578 4337 Heinrich.
605 4292 754 4337 censura
780 4294 817 4363 p.
835 4263 889 4336 94
915 4270 1063 4360 ιβάλλον
1081 4273 1172 4340 ἔπειτ’

88 4367 257 4459 ὅνυχαςι,
290 4368 338 4437 iu
369 4378 409 4438 ut
432 4377 496 4438 aut
520 4368 682 4460 μεγάλους
708 4378 769 4439 aul
786 4369 936 4453 ’Ἁῒὸόςὸε
962 4367 1173 4438 eliciendum

89 4478 203 4561 esset,
252 4492 404 4568 quorum
446 4467 570 4540 llerm.
613 4470 733 4568 ‘magis
776 4470 955 4568 posterius
994 4465 1171 4571 probavit.

923 4586 975 4664 15
