3044 5264
424 419 637 497 coolcon
672 418 829 516 omno.
1082 412 1159 495 aaa

85 626 185 701 nnita
218 635 356 701 tanton
390 624 552 724 exempla
575 625 733 701 afferam.
807 626 852 700 in
888 629 918 698 B
953 633 986 716 ἐξ
1015 634 1164 717 ἐναντίας

84 740 140 802 est
163 730 202 800 in
223 738 324 799 textu
349 752 401 798 rs.
421 722 504 798 452
529 738 564 799 et
586 736 618 814 ἐς
643 729 728 803 ὄντα
752 728 790 799 in
811 731 972 827 margine
991 731 1162 829 positum,

84 842 252 926 tanqum
274 827 412 900 diversa
437 830 506 900 scri
534 839 627 902 turs.
704 831 747 901 in
778 828 807 901 C
838 852 891 900 vs.
920 824 947 901 5
977 839 1055 905 sidet·
1072 831 1103 904 r'
1131 840 1165 906 ἐν

85 957 131 1003 ex
155 931 257 1002 Diae.
285 927 371 1028 (cir.
399 955 437 1026 p.
458 854 566 1031 118.)
590 928 737 1026 legitor.
802 932 845 1001 ln
872 929 1024 1004 Gosv·
1043 931 1165 1026 ’ὑσμίνη

84 1035 175 1127 μάχη
203 1031 353 1117 iunctim
389 1041 528 1103 emunt
562 1041 599 1103 et
628 1031 734 1104 simol
764 1027 896 1102 tollunt
930 1056 1095 1104 numeros
1128 1044 1166 1104 et

86 1133 282 1204 sententiae
308 1133 559 1230 integritatem.
623 1129 765 1204 Deinde
784 1156 911 1230 magna
936 1156 1017 1231 pars
1043 1155 1164 1204 eornm

85 1233 302 1323 lectionum,
339 1230 470 1330 quibos
487 1230 620 1304 familia
635 1226 796 1304 codicum
817 1236 991 1329 posterior
1012 1234 1165 1332 insignis

86 1346 162 1426 est,
196 1333 281 1406 baie
306 1323 451 1405 massae
475 1334 649 1430 originem
671 1356 770 1404 soem
792 1331 929 1407 debeb·
964 1335 1045 1428 Qua
1070 1335 1165 1407 enim

87 1435 157 1508 alia
181 1436 325 1507 ratione*
343 1431 423 1506 119
445 1442 577 1530 βροτῶν
601 1458 668 1530 pro
690 1435 875 1533 porris-in
899 1433 971 1508 iios
1000 1434 1166 1508 hexame-

87 1539 136 1608 tri
171 1547 286 1608 ortam
321 1547 435 1625 essct,
484 1531 582 1631 qood
619 1533 653 1604 11
688 1536 727 1606 in
761 1543 898 1633 βρωτῶν
930 1535 1168 1608 adnumeres

87 1635 326 1711 restituendos
360 1635 531 1708 mutavit?
586 1645 681 1729 ἔγχος
713 1659 780 1731 pro
819 1639 943 1731 αἰχμήν
983 1660 1039 1707 vs.
1073 1633 1166 1726 193,

87 1740 276 1833 ἀχθόμενος
299 1761 366 1834 pro
391 1737 568 1830 ἀχνύμενος
597 1759 653 1807 vs.
669 1731 752 1806 455
780 1747 817 1808 et
841 1735 1014 1833 permulta
1039 1737 1169 1810 similia

88 1864 193 1910 nemo
217 1862 289 1909 non
316 1836 439 1909 eodem
463 1836 591 1910 trabat.
664 1835 765 1912 idem
799 1839 905 1909 etiem
940 1861 1055 1936 genos
1091 1861 1168 1909 cor·

89 1937 248 2034 ropteice
273 1937 363 2009 mibi
387 1949 466 2010 e'ssc
485 1936 640 2027 videtur,
669 1935 732 2009 nbi
754 1936 921 2035 volgares
949 1938 1082 2010 formae
1108 1962 1169 2010 vo·

89 2067 169 2111 eom
200 2038 423 2137 singularum
451 2064 515 2135 pro
540 2039 650 2135 epicis
681 2048 718 2111 et
748 2041 896 2138 poeticis
930 2048 1168 2135 reponantur,

91 2153 132 2212 ut
156 2144 340 2235 θαυμαστὰ
364 2165 430 2235 pro
454 2141 620 2235 θαυματὰ
646 2162 701 2210 vs·
726 2135 824 2230 165,
867 2150 1003 2241 μελαίνῃ
1029 2164 1095 2237 pro
1122 2172 1171 2214 ur·

24 2272 31 2280 ‘
91 2252 186 2344 λαινῇ
209 2237 309 2331 155,
359 2264 510 2336 quornm
543 2237 786 2340 exemplorum
817 2253 914 2312 tanta
948 2252 1004 2313 est
1038 2238 1107 2312 boc
1132 2241 1171 2313 in

90 2343 247 2416 carmine
272 2343 407 2429 moles,
443 2353 486 2414 ut
507 2343 545 2412 in
570 2338 723 2439 singolis
746 2343 888 2438 paginis
913 2350 1117 2438 appareant.

191 2442 332 2514 Deinde
357 2440 449 2513 nihii
475 2452 545 2513 tam
572 2440 695 2513 foedos
720 2444 859 2538 peperit
884 2440 1027 2538 lapsus,
1065 2466 1170 2539 qaam

91 2566 322 2614 numeroram
359 2543 484 2638 reique
522 2542 687 2612 metricae
727 2542 924 2639 ignoratio,
976 2566 1067 2641 qnae
1099 2566 1172 2615 nna

91 2643 303 2740 plerumque
329 2639 502 2738 impedire
526 2642 723 2737 potuisset,
775 2664 847 2738 qno
879 2642 997 2712 minus
1033 2640 1172 2739 glossas

92 2755 226 2817 textum
262 2751 490 2838 occuparent.
565 2741 659 2812 Nam
693 2740 868 2827 Triclinio
910 2752 1098 2841 excepto,
1131 2740 1174 2813 li·
1209 2834 1211 2838 Α

93 2845 203 2915 brarii
239 2867 383 2933 omnes,
431 2842 494 2939 qni
519 2841 658 2914 codices
685 2840 881 2914 Hesiodeos
914 2867 1005 2941 qnos
1029 2841 1174 2942 volgavi

93 2944 379 3042 descripserant,
424 2943 511 3014 artis
541 2944 707 3016 metricae
732 2953 774 3014 nt
797 2945 861 3041 qui
886 2945 1039 3016 maxime
1066 2941 1174 3015 rudes

93 3072 133 3118 se
158 3043 404 3120 ostenderunt.
468 3041 582 3117 Nullo
606 3045 701 3116 enim
736 3044 842 3117 modo
866 3045 1043 3141 inprime
1068 3069 1173 3116 verso

93 3147 300 3239 inin-nasci
330 3142 466 3244 (itt),
510 3144 552 3232 in
582 3141 683 3216 aab
708 3155 853 3220 κυανέων
874 3146 1009 3218 servari
1035 3146 1073 3216 in
1099 3143 1173 3242 pie·

93 3247 217 3343 risque
240 3242 366 3335 libris,
408 3241 506 3316 aad
532 3245 605 3320 οἷόν
624 3277 705 3320 ποτε
742 3245 868 3318 inferri
903 3247 1097 3344 pntnissct,
1142 3247 1174 3318 si

95 3371 220 3418 versus
254 3344 391 3418 heroici
423 3357 550 3418 natare
578 3348 632 3417 bis
666 3343 793 3418 scribis
825 3358 1004 3442 comperta
1030 3347 1172 3418 inisset.

93 3447 241 3518 Scatent
275 3457 392 3518 antem
428 3444 568 3519 codices
594 3445 727 3543 ubique
759 3446 936 3519 similibus
969 3444 1173 3539 erroribos3

96 3572 162 3619 nee
188 3548 252 3644 qni
277 3547 541 3644 eoscorrigere
564 3550 683 3620 conati
707 3559 813 3638 aunt,
850 3545 981 3620 bacin
1014 3573 1053 3619 re
1083 3546 1174 3619 moi·
1223 3613 1228 3620 .

96 3659 171 3718 tom
208 3648 473 3744 praestiterunt.
556 3648 661 3719 Certe
704 3660 883 3721 corrector
921 3647 1002 3722 cod.
1044 3649 1086 3718 B.
1136 3659 1177 3720 ut

96 3772 150 3817 as.
175 3744 203 3818 6
232 3760 403 3836 θνητοῖσι,
437 3749 485 3818 ita
520 3742 675 3846 piurima
709 3746 796 3821 alibi
831 3750 983 3847 pessime
1018 3751 1153 3822 invexit
1160 3774 1174 3845 ;

33 3896 37 3904 ·
96 3872 191 3918 nnus
260 3850 299 3918 ni
340 3847 420 3920 cod.
465 3847 510 3920 li.
556 3847 779 3939 emendavit,
836 3847 995 3948 reliquos
1029 3874 1176 3946 snpera-

97 3949 162 4020 vit.
234 3872 338 4019 ialin
362 3959 479 4020 autem
509 3950 591 4047 quis
622 3961 743 4045 posset
773 3948 819 4020 ad
844 3951 1010 4047 antiquos
1034 3952 1177 4024 criticos

97 4060 134 4121 et
170 4049 418 4148 grammaticos
461 4049 648 4121 referenda
694 4050 842 4148 patarei
917 4050 1050 4145 immo,
1100 4053 1177 4150 ipse
1323 4119 1335 4147 3

98 4150 226 4223 borum
263 4148 470 4221 mendorum
507 4174 677 4222 numerus
715 4153 992 4224 recentissimam
1028 4163 1177 4226 acmtem

98 4250 238 4345 prodit,
291 4276 361 4348 qua
394 4260 552 4323 veterum
588 4274 695 4348 opera
732 4249 979 4327 describebant
1015 4253 1175 4352 quidem,

98 4350 161 4420 scd
188 4350 372 4426 emendate
395 4363 433 4423 et
466 4353 543 4423 sine
575 4349 757 4424 erroribus
789 4378 985 4453 propagare
1014 4380 1088 4428 non
1113 4378 1176 4452 po·

99 4462 226 4524 terant.
281 4452 353 4527 Soa
379 4453 491 4553 igitar
517 4451 589 4528 sibi
606 4451 743 4528 scribae
763 4456 897 4556 singoli
917 4466 1059 4555 peccata
1084 4457 1175 4530 inte·
