3044 5264
208 420 289 499 566
541 424 770 506 CARMINIS
804 424 963 504 ORIGO.

311 634 437 708 Paullo
470 635 604 708 certius
633 644 708 726 est,
754 634 787 704 si
817 629 920 730 plura
956 630 1023 704 boo
1060 631 1101 703 in
1136 632 1312 707 carmine

203 739 282 838 ‘legi
307 737 545 828 affirmamus,
576 758 667 834 quae
689 736 908 834 originem
930 735 1189 809 Boeoticam
1220 761 1311 833 pro·

208 841 293 914 dere
317 838 525 933 videantur,
574 836 637 909 sed
661 835 730 908 boe
754 862 898 936 quoque
921 862 1030 933 quum
1055 860 1129 909 nou
1153 847 1237 909 tam
1260 863 1309 911 ex

208 944 315 1017 cortis
339 952 498 1014 veterum
518 940 734 1019 ,testimoniis
761 940 965 1035 cognitum,
1015 964 1120 1038 quam
1147 939 1190 1009 in
1217 965 1308 1011 een·

207 1047 342 1122 iectura
377 1044 533 1142 positum
569 1042 637 1130 sit,
688 1039 838 1112 aliorum
872 1039 1004 1114 iudicio
1039 1040 1305 1138 relinquimus,

207 1172 283 1220 rem
309 1143 529 1244 significasse
554 1143 726 1214 contenti.
799 1143 912 1213 lmmo
938 1142 1146 1215 adversatur
1174 1141 1303 1232 uobis,

236 1247 306 1322 uod
332 1247 457 1319 Boeoti
483 1245 573 1342 ipsi,
620 1243 803 1319 Heliconii
828 1254 947 1334 certe,
996 1244 1063 1316 cl'r.
1090 1244 1203 1316 Paus.
1226 1242 1301 1334 lX,

207 1275 280 1441 dl,
313 1345 362 1439 d,
418 1357 562 1446 praeter
584 1344 715 1442 ,Opera
751 1345 945 1448 quidquam
981 1349 1107 1418 merito
1142 1345 1190 1417 ad
1225 1347 1301 1417 lle·

208 1450 349 1524 siedum
375 1448 502 1519 referri
529 1445 730 1546 negabant:
760 1472 851 1545 quos
876 1449 907 1518 si
931 1451 1062 1546 patriae
1084 1473 1171 1522 suae
1193 1471 1300 1519 caus·

208 1562 283 1623 sam
319 1553 359 1621 iu
397 1550 507 1622 Scuto
541 1548 707 1621 Herculis
748 1551 808 1646 agi
849 1561 1056 1644 putassent,
1103 1549 1148 1620 ad
1189 1575 1299 1620 suum

207 1652 405 1725 Hesiodum
445 1662 623 1723 auctorem
666 1648 930 1749 agnoscendum
978 1677 1109 1747 pronos
1152 1651 1300 1723 l'uturos

206 1755 320 1827 fuisse
346 1751 531 1851 probabile
557 1764 624 1823 est.
689 1755 740 1822 At
775 1777 859 1823 vero
891 1753 1044 1849 primum
1078 1754 1214 1849 quibus
1241 1777 1297 1822 ar-

110 1909 112 1917 ,
208 1857 389 1958 gamantia
428 1856 498 1925 nisi
533 1853 668 1924 suerint
694 1854 839 1943 Boeoti,
892 1856 1117 1950 ignoramus,
1172 1886 1299 1978 »uap-

208 1968 438 2051 ειλημμὲνα
484 1960 579 2058 δόξῃ
622 1965 815 2048 λέγουσιν,ι
868 1956 918 2025 ait
953 1956 1171 2047 Pausaniae,
1228 1989 1301 2042 nmo

208 2063 291 2136 ἄλλο
314 2061 474 2144 Ἡσίοδος
497 2061 636 2153 ποιήσαι
660 2062 753 2131 οὐδὲν
775 2059 798 2146 ἢ
825 2059 867 2130 τὰ
885 2063 975 2153 ἔργα.
989 2092 1022 2148 1,-
1052 2056 1183 2129 deinde
1209 2082 1299 2128 vero

208 2158 379 2234 Hesiodei
405 2159 513 2236 buius
539 2159 693 2234 uomiuis
718 2159 903 2252 inscriptio
929 2162 1073 2257 antiqua
1100 2157 1145 2230 ad
1175 2171 1298 2231 ortum

207 2272 303 2333 certe
342 2260 455 2356 possit
493 2269 529 2335 et
571 2255 706 2331 natales
749 2260 916 2329 carminis
953 2261 1182 2360 aliquatenus
1231 2285 1298 2333 nos

208 2361 353 2433 ducere.

195 2504 198 2511 ·
309 2458 431 2534 Habet
452 2469 570 2534 autem
597 2458 688 2532 illud
712 2461 781 2533 iam
804 2459 973 2558 ponderis
996 2460 1155 2563 aliquid,
1197 2461 1296 2561 qnod

211 2590 302 2665 quae
342 2562 433 2637 dnae
475 2575 561 2635 sunt
607 2564 774 2637 carminis
822 2567 937 2637 nostri
975 2578 1115 2662 partos,
1171 2590 1299 2636 earum

209 2669 309 2767 prior
329 2663 473 2737 Tbebas
500 2691 565 2736 uos
591 2676 711 2756 vocat,
760 2691 830 2763 qua
857 2668 895 2736 in
921 2666 1011 2739 urbe
1036 2668 1155 2745 omnia
1178 2692 1295 2764 agun-

208 2781 290 2858 tur,
336 2777 372 2839 et
397 2768 612 2839 Boeotorum
644 2766 889 2839 fortitudinem
916 2771 1078 2841 eximiam
1110 2771 1299 2864 praeclaro

208 2869 331 2969 aliquo
363 2870 552 2964 praeconio
587 2867 762 2960 celebrat,
806 2894 860 2939 vs.
883 2866 961 2963 243
1008 2873 1183 2967 posterior
1208 2895 1299 2942 vero

208 2997 283 3055 uua
321 2971 474 3043 obscure
507 2969 659 3060 iudicat,
711 2984 958 3068 argumentum
995 2983 1117 3068 poetae
1159 2973 1296 3066 ipsum,

208 3071 278 3155 buu
303 3082 357 3149 est
384 3097 541 3176 pugnam
558 3071 724 3143 Herculis
750 3098 830 3143 cum
859 3073 979 3170 Cycno
1005 3072 1113 3144 simul
1136 3070 1181 3142 ad
1196 3073 1297 3144 Tbe-

207 3171 322 3244 banos
357 3186 531 3270 spectare,
608 3171 691 3264 Quo
726 3175 820 3245 enim
858 3173 996 3265 trabes,
1049 3172 1145 3271 quod
1171 3174 1297 3250 Iolaus

207 3273 255 3357 ad
280 3273 468 3358 Herculem
495 3272 786 3353 inflammandum
819 3275 957 3348 felicem
986 3302 1065 3348 eum
1096 3274 1293 3371 praedicat,

207 3378 267 3448 cul
299 3378 368 3448 iarn
399 3375 516 3446 denuo
541 3376 702 3473 luppiter
731 3389 767 3449 et
797 3376 1009 3476 Neptunus,
1060 3378 1200 3478 ταύρεος
1222 3379 1296 3453 ’Eu

206 3484 392 3572 νοσίγᾳιος,
431 3472 515 3547 205

321 3581 358 3666 iic
386 3580 498 3672 Θήβης
522 3611 560 3677 xp
573 3579 702 3673 ’δεμνον
726 3587 801 3677 ἔχει,
839 3581 952 3680 ῥύεταί
976 3613 1011 3656 τε
1034 3581 1152 3670 πόληα,

207 3676 306 3753 bunc
331 3679 514 3752 mortalem
540 3613 737 3774 adducant,
789 3709 860 3780 quo
884 3681 1044 3754 necando
1069 3707 1195 3753 novam
1223 3679 1294 3752 sibi

208 3783 360 3880 gloriam
395 3806 519 3877 parare
562 3782 698 3878 possiti
765 3783 892 3882 Neque
926 3785 1020 3856 euim
1059 3807 1188 3854 nomen
1226 3785 1294 3854 boc

170 3966 172 3971 ⁴
207 3883 369 3980 Neptuni
390 3907 504 3979 neque
518 3880 794 3955 additamentum
817 3886 860 3958 de
885 3886 994 3957 tutela
1006 3882 1210 3955 Thebarum
1231 3909 1293 3954 ur·

207 3983 264 4056 bis
284 3985 351 4056 deo
367 3983 492 4054 tradita
509 3987 586 4056 sine
603 4011 726 4057 caussa
743 3989 801 4057 vel
816 3990 958 4059 nonnisi
973 3985 1016 4057 ad
1032 3996 1194 4056 ornatum
1212 4010 1293 4056 esse

208 4084 367 4160 additum
393 4084 555 4181 putabis5
599 4086 833 4185 intelligimus
854 4092 994 4185 potius,
1041 4085 1229 4168 Herculem
1259 4099 1297 4159 et

209 4183 402 4261 Thebanos
428 4189 474 4257 ita
502 4188 642 4256 iunctos
668 4191 835 4284 cogitari,
885 4202 925 4261 ut
951 4188 1042 4260 idem
1070 4186 1178 4276 daus,
1228 4192 1294 4284 qui

210 4284 354 4357 Tbebas
379 4289 486 4358 tutari
512 4287 645 4376 soleat,
694 4290 859 4362 Herculis
885 4292 989 4374 etiam
1011 4292 1117 4360 vitam
1146 4291 1295 4360 famam·

212 4411 281 4490 qne
308 4384 499 4464 defendere
524 4398 705 4482 sumatur,
755 4403 790 4462 et
825 4390 891 4466 bac
917 4404 1011 4465 certe
1036 4394 1173 4470 ratione
1200 4393 1293 4472 ller-
