<?xml version="1.0" encoding="UTF-8"?>
<!DOCTYPE html PUBLIC "-//W3C//DTD XHTML 1.0 Transitional//EN"
    "http://www.w3.org/TR/xhtml1/DTD/xhtml1-transitional.dtd">
<html xmlns="http://www.w3.org/1999/xhtml" xml:lang="en" lang="en">
 <head>
  <title>
</title>
<meta http-equiv="Content-Type" content="text/html;charset=utf-8" />
  <meta name='ocr-system' content='tesseract 3.04.00' />
  <meta name='ocr-capabilities' content='ocr_page ocr_carea ocr_par ocr_line ocrx_word'/>
</head>
<body>
  <div class='ocr_page' id='page_1' title='image "./hesiodiquodfert00wolfgoog_0197.png"; bbox 0 0 3044 5264; ppageno 0'>
   <div class='ocr_carea' id='block_1_1' title="bbox 233 388 1048 468">
    <p class='ocr_par' dir='ltr' id='par_1_1' title="bbox 233 388 1048 468">
     <span class='ocr_line' id='line_1_1' title="bbox 233 388 1048 468; baseline -0.001 -5"><span class='ocrx_word' id='word_1_1' title='bbox 233 388 309 463; x_wconf 89' lang='grc'><strong>178</strong></span> <span class='ocrx_word' id='word_1_2' title='bbox 507 391 788 468; x_wconf 82' lang='lat' dir='ltr'>APPARATUS</span> <span class='ocrx_word' id='word_1_3' title='bbox 823 390 1048 466; x_wconf 83' lang='lat' dir='ltr'><strong>CRlTlCUS.</strong></span> 
     </span>
    </p>
   </div>
   <div class='ocr_carea' id='block_1_2' title="bbox 207 595 1354 4551">
    <p class='ocr_par' dir='ltr' id='par_1_2' title="bbox 215 595 1354 3228">
     <span class='ocr_line' id='line_1_2' title="bbox 233 595 1321 695; baseline -0.002 -24"><span class='ocrx_word' id='word_1_4' title='bbox 233 625 303 671; x_wconf 74' lang='lat' dir='ltr'><strong>arna</strong></span> <span class='ocrx_word' id='word_1_5' title='bbox 326 601 363 670; x_wconf 88' lang='lat' dir='ltr'><strong>in</strong></span> <span class='ocrx_word' id='word_1_6' title='bbox 386 599 545 695; x_wconf 81' lang='lat' dir='ltr'><strong>antiquis</strong></span> <span class='ocrx_word' id='word_1_7' title='bbox 572 597 719 669; x_wconf 86' lang='lat' dir='ltr'><strong>scholiis</strong></span> <span class='ocrx_word' id='word_1_8' title='bbox 741 595 957 693; x_wconf 81' lang='lat' dir='ltr'><strong>explicatur:</strong></span> <span class='ocrx_word' id='word_1_9' title='bbox 993 606 1244 688; x_wconf 71' lang='grc' dir='ltr'><em>ισωματοποαῖ</em></span> <span class='ocrx_word' id='word_1_10' title='bbox 1260 596 1321 669; x_wconf 85' lang='grc' dir='ltr'><strong>τόν</strong></span> 
     </span>
     <span class='ocr_line' id='line_1_3' title="bbox 231 692 1319 801; baseline -0.006 -25"><span class='ocrx_word' id='word_1_11' title='bbox 231 704 341 801; x_wconf 77' lang='grc' dir='ltr'><em>φόβον</em></span> <span class='ocrx_word' id='word_1_12' title='bbox 365 708 530 785; x_wconf 74' lang='grc' dir='ltr'><strong><em>ἐνταῦθα,</em></strong></span> <span class='ocrx_word' id='word_1_13' title='bbox 566 704 609 787; x_wconf 85' lang='grc' dir='ltr'><strong>ὡς</strong></span> <span class='ocrx_word' id='word_1_14' title='bbox 639 702 681 774; x_wconf 84' lang='grc' dir='ltr'><strong>άν</strong></span> <span class='ocrx_word' id='word_1_15' title='bbox 703 701 745 773; x_wconf 62' lang='grc' dir='ltr'><strong>ἐν</strong></span> <span class='ocrx_word' id='word_1_16' title='bbox 770 707 817 797; x_wconf 77' lang='grc' dir='ltr'><strong>τῷ</strong></span> <span class='ocrx_word' id='word_1_17' title='bbox 849 712 937 795; x_wconf 82' lang='grc' dir='ltr'><em>μέσῳ</em></span> <span class='ocrx_word' id='word_1_18' title='bbox 972 703 1006 785; x_wconf 78' lang='grc' dir='ltr'><strong>ἐξ</strong></span> <span class='ocrx_word' id='word_1_19' title='bbox 1050 698 1228 790; x_wconf 81' lang='grc' dir='ltr'><em>’δάμαντος</em></span> <span class='ocrx_word' id='word_1_20' title='bbox 1266 692 1319 785; x_wconf 71' lang='grc' dir='ltr'><strong>ἦν,</strong></span> 
     </span>
     <span class='ocr_line' id='line_1_4' title="bbox 230 796 1317 897; baseline 0.005 -34"><span class='ocrx_word' id='word_1_21' title='bbox 230 806 384 897; x_wconf 72' lang='grc' dir='ltr'><strong>οὐδαμῶς</strong></span> <span class='ocrx_word' id='word_1_22' title='bbox 414 811 595 895; x_wconf 68' lang='grc' dir='ltr'><em>δυναμένου</em></span> <span class='ocrx_word' id='word_1_23' title='bbox 619 803 812 896; x_wconf 69' lang='grc' dir='ltr'><em>ῥηχθῇγαμ</em></span> <span class='ocrx_word' id='word_1_24' title='bbox 849 800 980 897; x_wconf 84' lang='lat' dir='ltr'><strong>qulbus</strong></span> <span class='ocrx_word' id='word_1_25' title='bbox 1006 796 1125 869; x_wconf 71' lang='lat' dir='ltr'><strong>verbis</strong></span> <span class='ocrx_word' id='word_1_26' title='bbox 1149 801 1185 867; x_wconf 84' lang='lat' dir='ltr'><strong>ln</strong></span> <span class='ocrx_word' id='word_1_27' title='bbox 1213 799 1317 868; x_wconf 86' lang='lat' dir='ltr'><strong>Mon.</strong></span> 
     </span>
     <span class='ocr_line' id='line_1_5' title="bbox 229 899 1316 1000; baseline -0.006 -24"><span class='ocrx_word' id='word_1_28' title='bbox 229 903 305 976; x_wconf 87' lang='lat' dir='ltr'><strong>sch.</strong></span> <span class='ocrx_word' id='word_1_29' title='bbox 340 903 485 974; x_wconf 79' lang='lat' dir='ltr'><strong>additur</strong></span> <span class='ocrx_word' id='word_1_30' title='bbox 520 939 572 999; x_wconf 54' lang='lat'><strong>72.</strong></span> <span class='ocrx_word' id='word_1_31' title='bbox 609 914 642 978; x_wconf 81' lang='grc' dir='ltr'><strong>ἐν</strong></span> <span class='ocrx_word' id='word_1_32' title='bbox 673 917 784 1000; x_wconf 81' lang='grc' dir='ltr'><em>μέσσῳ</em></span> <span class='ocrx_word' id='word_1_33' title='bbox 809 903 847 987; x_wconf 78' lang='grc' dir='ltr'><strong>,δ’</strong></span> <span class='ocrx_word' id='word_1_34' title='bbox 885 903 1084 995; x_wconf 78' lang='grc' dir='ltr'><strong><em>ἀδάμαντος.</em></strong></span> <span class='ocrx_word' id='word_1_35' title='bbox 1131 899 1180 970; x_wconf 80' lang='lat' dir='ltr'><strong>cf.</strong></span> <span class='ocrx_word' id='word_1_36' title='bbox 1213 924 1316 996; x_wconf 90' lang='lat' dir='ltr'><strong>supr.</strong></span> 
     </span>
     <span class='ocr_line' id='line_1_6' title="bbox 228 1000 1321 1103; baseline -0.005 -26"><span class='ocrx_word' id='word_1_37' title='bbox 228 1033 266 1103; x_wconf 89' lang='lat' dir='ltr'><strong>p.</strong></span> <span class='ocrx_word' id='word_1_38' title='bbox 290 1001 360 1077; x_wconf 85' lang='grc'><strong>50.</strong></span> <span class='ocrx_word' id='word_1_39' title='bbox 414 1006 637 1092; x_wconf 71' lang='lat' dir='ltr'><strong>meinaim,</strong></span> <span class='ocrx_word' id='word_1_40' title='bbox 682 1006 871 1098; x_wconf 77' lang='grc' dir='ltr'><em>ἀδάμαντος</em></span> <span class='ocrx_word' id='word_1_41' title='bbox 897 1000 1168 1100; x_wconf 79' lang='lat' dir='ltr'><strong>praeferendum</strong></span> <span class='ocrx_word' id='word_1_42' title='bbox 1196 1013 1252 1072; x_wconf 88' lang='lat' dir='ltr'><strong>est</strong></span> <span class='ocrx_word' id='word_1_43' title='bbox 1282 1011 1321 1072; x_wconf 89' lang='lat' dir='ltr'><strong>et</strong></span> 
     </span>
     <span class='ocr_line' id='line_1_7' title="bbox 227 1105 1317 1203; baseline -0.004 -26"><span class='ocrx_word' id='word_1_44' title='bbox 227 1111 266 1177; x_wconf 90' lang='lat' dir='ltr'><strong>in</strong></span> <span class='ocrx_word' id='word_1_45' title='bbox 292 1117 456 1178; x_wconf 85' lang='lat' dir='ltr'><strong>contexta</strong></span> <span class='ocrx_word' id='word_1_46' title='bbox 483 1105 740 1203; x_wconf 88' lang='lat' dir='ltr'><strong>recipiendum.</strong></span> <span class='ocrx_word' id='word_1_47' title='bbox 794 1105 886 1176; x_wconf 87' lang='lat' dir='ltr'><strong>Nam</strong></span> <span class='ocrx_word' id='word_1_48' title='bbox 913 1106 1066 1200; x_wconf 89' lang='lat' dir='ltr'><strong>primum</strong></span> <span class='ocrx_word' id='word_1_49' title='bbox 1094 1129 1208 1175; x_wconf 80' lang='lat' dir='ltr'><strong>nexus</strong></span> <span class='ocrx_word' id='word_1_50' title='bbox 1234 1128 1317 1173; x_wconf 88' lang='lat' dir='ltr'><strong>sen-</strong></span> 
     </span>
     <span class='ocr_line' id='line_1_8' title="bbox 226 1207 1317 1304; baseline -0.005 -24"><span class='ocrx_word' id='word_1_51' title='bbox 226 1211 417 1280; x_wconf 84' lang='lat' dir='ltr'><strong>tentiarum</strong></span> <span class='ocrx_word' id='word_1_52' title='bbox 444 1209 520 1278; x_wconf 77' lang='lat' dir='ltr'><strong>fere</strong></span> <span class='ocrx_word' id='word_1_53' title='bbox 545 1207 723 1304; x_wconf 88' lang='lat' dir='ltr'><strong>postulat,</strong></span> <span class='ocrx_word' id='word_1_54' title='bbox 762 1217 803 1278; x_wconf 90' lang='lat' dir='ltr'><strong>ut</strong></span> <span class='ocrx_word' id='word_1_55' title='bbox 828 1208 973 1277; x_wconf 86' lang='lat' dir='ltr'><strong>materia</strong></span> <span class='ocrx_word' id='word_1_56' title='bbox 1004 1216 1317 1296; x_wconf 79' lang='lat' dir='ltr'><strong>commemoretur,</strong></span> 
     </span>
     <span class='ocr_line' id='line_1_9' title="bbox 227 1310 1316 1407; baseline -0.003 -27"><span class='ocrx_word' id='word_1_57' title='bbox 227 1310 322 1382; x_wconf 90' lang='lat' dir='ltr'><strong>unde</strong></span> <span class='ocrx_word' id='word_1_58' title='bbox 358 1311 470 1406; x_wconf 88' lang='lat' dir='ltr'><strong>primu</strong></span> <span class='ocrx_word' id='word_1_59' title='bbox 506 1312 622 1407; x_wconf 82' lang='lat' dir='ltr'><strong>imago</strong></span> <span class='ocrx_word' id='word_1_60' title='bbox 661 1311 873 1380; x_wconf 89' lang='lat' dir='ltr'><strong>constiterit.</strong></span> <span class='ocrx_word' id='word_1_61' title='bbox 936 1311 1004 1388; x_wconf 85' lang='lat' dir='ltr'><strong>Ae¹</strong></span> <span class='ocrx_word' id='word_1_62' title='bbox 1026 1312 1140 1379; x_wconf 92' lang='lat' dir='ltr'><strong>totum</strong></span> <span class='ocrx_word' id='word_1_63' title='bbox 1174 1318 1316 1379; x_wconf 86' lang='lat' dir='ltr'><strong>scutum</strong></span> 
     </span>
     <span class='ocr_line' id='line_1_10' title="bbox 225 1409 1316 1509; baseline -0.002 -26"><span class='ocrx_word' id='word_1_64' title='bbox 225 1414 258 1483; x_wconf 88' lang='lat' dir='ltr'><strong>si</strong></span> <span class='ocrx_word' id='word_1_65' title='bbox 292 1410 425 1509; x_wconf 87' lang='lat' dir='ltr'><strong>ubique</strong></span> <span class='ocrx_word' id='word_1_66' title='bbox 467 1423 501 1482; x_wconf 91' lang='lat' dir='ltr'><strong>et</strong></span> <span class='ocrx_word' id='word_1_67' title='bbox 540 1437 652 1509; x_wconf 76' lang='lat' dir='ltr'><strong>gypso</strong></span> <span class='ocrx_word' id='word_1_68' title='bbox 697 1423 733 1482; x_wconf 89' lang='lat' dir='ltr'><strong>ct</strong></span> <span class='ocrx_word' id='word_1_69' title='bbox 775 1409 882 1482; x_wconf 87' lang='lat' dir='ltr'><strong>ebore</strong></span> <span class='ocrx_word' id='word_1_70' title='bbox 916 1422 952 1481; x_wconf 91' lang='lat' dir='ltr'><strong>et</strong></span> <span class='ocrx_word' id='word_1_71' title='bbox 991 1412 1124 1482; x_wconf 88' lang='lat' dir='ltr'><strong>electro</strong></span> <span class='ocrx_word' id='word_1_72' title='bbox 1159 1422 1196 1481; x_wconf 88' lang='lat' dir='ltr'><strong>et</strong></span> <span class='ocrx_word' id='word_1_73' title='bbox 1226 1435 1316 1481; x_wconf 86' lang='lat' dir='ltr'><strong>auro</strong></span> 
     </span>
     <span class='ocr_line' id='line_1_11' title="bbox 225 1511 1315 1610; baseline -0.004 -26"><span class='ocrx_word' id='word_1_74' title='bbox 225 1512 454 1610; x_wconf 77' lang='lat' dir='ltr'><strong>splendebat,</strong></span> <span class='ocrx_word' id='word_1_75' title='bbox 527 1513 707 1609; x_wconf 88' lang='lat' dir='ltr'><strong>praeclare</strong></span> <span class='ocrx_word' id='word_1_76' title='bbox 755 1514 946 1602; x_wconf 87' lang='lat' dir='ltr'><strong>convenit,</strong></span> <span class='ocrx_word' id='word_1_77' title='bbox 1015 1511 1112 1610; x_wconf 89' lang='lat' dir='ltr'><strong>quod</strong></span> <span class='ocrx_word' id='word_1_78' title='bbox 1160 1511 1315 1583; x_wconf 88' lang='lat' dir='ltr'><strong>mediam</strong></span> 
     </span>
     <span class='ocr_line' id='line_1_12' title="bbox 225 1612 1314 1712; baseline -0.001 -28"><span class='ocrx_word' id='word_1_79' title='bbox 225 1627 361 1711; x_wconf 83' lang='lat' dir='ltr'><strong>partem</strong></span> <span class='ocrx_word' id='word_1_80' title='bbox 392 1618 444 1686; x_wconf 86' lang='lat' dir='ltr'><strong>ait</strong></span> <span class='ocrx_word' id='word_1_81' title='bbox 477 1615 548 1686; x_wconf 90' lang='lat' dir='ltr'><strong>alio</strong></span> <span class='ocrx_word' id='word_1_82' title='bbox 581 1615 693 1698; x_wconf 76' lang='lat' dir='ltr'><strong>fuisse</strong></span> <span class='ocrx_word' id='word_1_83' title='bbox 718 1616 837 1686; x_wconf 86' lang='lat' dir='ltr'><strong>colore</strong></span> <span class='ocrx_word' id='word_1_84' title='bbox 861 1612 1055 1711; x_wconf 86' lang='lat' dir='ltr'><strong>praeditam</strong></span> <span class='ocrx_word' id='word_1_85' title='bbox 1093 1614 1234 1712; x_wconf 88' lang='lat' dir='ltr'><strong>aliaque</strong></span> <span class='ocrx_word' id='word_1_86' title='bbox 1269 1639 1314 1685; x_wconf 85' lang='lat' dir='ltr'><strong>ex</strong></span> 
     </span>
     <span class='ocr_line' id='line_1_13' title="bbox 225 1714 1312 1814; baseline 0 -28"><span class='ocrx_word' id='word_1_87' title='bbox 225 1718 369 1787; x_wconf 88' lang='lat' dir='ltr'><strong>materia</strong></span> <span class='ocrx_word' id='word_1_88' title='bbox 392 1743 503 1814; x_wconf 87' lang='lat' dir='ltr'><strong>eaque</strong></span> <span class='ocrx_word' id='word_1_89' title='bbox 529 1717 732 1787; x_wconf 85' lang='lat' dir='ltr'><strong>firmissima</strong></span> <span class='ocrx_word' id='word_1_90' title='bbox 758 1717 898 1787; x_wconf 78' lang='lat' dir='ltr'><strong>iactam.</strong></span> <span class='ocrx_word' id='word_1_91' title='bbox 956 1714 1095 1787; x_wconf 83' lang='lat' dir='ltr'><strong>Deinde</strong></span> <span class='ocrx_word' id='word_1_92' title='bbox 1120 1742 1202 1787; x_wconf 87' lang='lat' dir='ltr'><strong>vero</strong></span> <span class='ocrx_word' id='word_1_93' title='bbox 1229 1740 1312 1810; x_wconf 93' lang='lat' dir='ltr'><strong>pro·</strong></span> 
     </span>
     <span class='ocr_line' id='line_1_14' title="bbox 224 1816 1312 1916; baseline -0.004 -26"><span class='ocrx_word' id='word_1_94' title='bbox 224 1830 389 1914; x_wconf 87' lang='lat' dir='ltr'><strong>pterea,</strong></span> <span class='ocrx_word' id='word_1_95' title='bbox 424 1830 763 1916; x_wconf 56' lang='lat' dir='ltr'><strong>quac’scquuntur,</strong></span> <span class='ocrx_word' id='word_1_96' title='bbox 812 1816 856 1889; x_wconf 92' lang='lat' dir='ltr'><strong>de</strong></span> <span class='ocrx_word' id='word_1_97' title='bbox 884 1817 1036 1888; x_wconf 86' lang='lat' dir='ltr'><strong>dracone</strong></span> <span class='ocrx_word' id='word_1_98' title='bbox 1071 1819 1132 1887; x_wconf 85' lang='lat' dir='ltr'><strong>vix</strong></span> <span class='ocrx_word' id='word_1_99' title='bbox 1164 1818 1312 1915; x_wconf 87' lang='lat' dir='ltr'><strong>eogitari</strong></span> 
     </span>
     <span class='ocr_line' id='line_1_15' title="bbox 223 1914 1354 2016; baseline -0.001 -26"><span class='ocrx_word' id='word_1_100' title='bbox 223 1931 352 2016; x_wconf 87' lang='lat' dir='ltr'><strong>potest.</strong></span> <span class='ocrx_word' id='word_1_101' title='bbox 408 1920 539 1992; x_wconf 79' lang='lat' dir='ltr'><strong>‚Paullo</strong></span> <span class='ocrx_word' id='word_1_102' title='bbox 570 1934 651 2016; x_wconf 91' lang='lat' dir='ltr'><strong>post</strong></span> <span class='ocrx_word' id='word_1_103' title='bbox 686 1922 801 2010; x_wconf 89' lang='lat' dir='ltr'><strong>enim,</strong></span> <span class='ocrx_word' id='word_1_104' title='bbox 836 1914 1072 1988; x_wconf 81' lang='grc'><strong>181-167</strong></span> <span class='ocrx_word' id='word_1_105' title='bbox 1108 1922 1309 1993; x_wconf 75' lang='lat' dir='ltr'><strong>invenimus</strong></span> <span class='ocrx_word' id='word_1_106' title='bbox 1351 1926 1354 1933; x_wconf 79' lang='grc'><strong>’</strong></span> 
     </span>
     <span class='ocr_line' id='line_1_16' title="bbox 223 2021 1309 2118; baseline -0.002 -27"><span class='ocrx_word' id='word_1_107' title='bbox 223 2033 426 2118; x_wconf 82' lang='lat' dir='ltr'><strong>serpentum</strong></span> <span class='ocrx_word' id='word_1_108' title='bbox 454 2024 645 2118; x_wconf 78' lang='lat' dir='ltr'><strong>imaginem</strong></span> <span class='ocrx_word' id='word_1_109' title='bbox 671 2032 833 2092; x_wconf 88' lang='lat' dir='ltr'><strong>accurate</strong></span> <span class='ocrx_word' id='word_1_110' title='bbox 864 2021 1100 2115; x_wconf 82' lang='lat' dir='ltr'><strong>descriptam,</strong></span> <span class='ocrx_word' id='word_1_111' title='bbox 1152 2033 1192 2092; x_wconf 89' lang='lat' dir='ltr'><strong>ut</strong></span> <span class='ocrx_word' id='word_1_112' title='bbox 1223 2025 1309 2092; x_wconf 89' lang='lat' dir='ltr'><strong>ima·</strong></span> 
     </span>
     <span class='ocr_line' id='line_1_17' title="bbox 222 2121 1310 2218; baseline 0.003 -27"><span class='ocrx_word' id='word_1_113' title='bbox 222 2123 343 2218; x_wconf 81' lang='lat' dir='ltr'><strong>gincm</strong></span> <span class='ocrx_word' id='word_1_114' title='bbox 378 2136 447 2192; x_wconf 87' lang='lat' dir='ltr'><strong>tam</strong></span> <span class='ocrx_word' id='word_1_115' title='bbox 484 2121 634 2193; x_wconf 84' lang='lat' dir='ltr'><strong>similem</strong></span> <span class='ocrx_word' id='word_1_116' title='bbox 671 2134 772 2193; x_wconf 86' lang='lat' dir='ltr'><strong>antea</strong></span> <span class='ocrx_word' id='word_1_117' title='bbox 800 2124 957 2218; x_wconf 89' lang='lat' dir='ltr'><strong>potuisse</strong></span> <span class='ocrx_word' id='word_1_118' title='bbox 983 2121 1072 2218; x_wconf 85' lang='lat' dir='ltr'><strong>fingi</strong></span> <span class='ocrx_word' id='word_1_119' title='bbox 1099 2124 1160 2193; x_wconf 84' lang='lat' dir='ltr'><strong>vix</strong></span> <span class='ocrx_word' id='word_1_120' title='bbox 1186 2125 1310 2195; x_wconf 88' lang='lat' dir='ltr'><strong>verisi-</strong></span> 
     </span>
     <span class='ocr_line' id='line_1_18' title="bbox 221 2221 1310 2320; baseline 0.002 -28"><span class='ocrx_word' id='word_1_121' title='bbox 221 2221 305 2293; x_wconf 85' lang='lat' dir='ltr'><strong>mile</strong></span> <span class='ocrx_word' id='word_1_122' title='bbox 338 2223 514 2293; x_wconf 73' lang='lat' dir='ltr'><strong>videatur.</strong></span> <span class='ocrx_word' id='word_1_123' title='bbox 582 2225 675 2294; x_wconf 82' lang='lat' dir='ltr'><strong>Tum</strong></span> <span class='ocrx_word' id='word_1_124' title='bbox 702 2248 787 2294; x_wconf 84' lang='lat' dir='ltr'><strong>vero</strong></span> <span class='ocrx_word' id='word_1_125' title='bbox 812 2221 856 2293; x_wconf 90' lang='lat' dir='ltr'><strong>dc</strong></span> <span class='ocrx_word' id='word_1_126' title='bbox 880 2223 1107 2318; x_wconf 88' lang='lat' dir='ltr'><strong>serpentibus</strong></span> <span class='ocrx_word' id='word_1_127' title='bbox 1131 2236 1213 2320; x_wconf 88' lang='lat' dir='ltr'><strong>apte</strong></span> <span class='ocrx_word' id='word_1_128' title='bbox 1240 2225 1310 2296; x_wconf 90' lang='lat' dir='ltr'><strong>dici</strong></span> 
     </span>
     <span class='ocr_line' id='line_1_19' title="bbox 220 2322 1306 2422; baseline 0.003 -29"><span class='ocrx_word' id='word_1_129' title='bbox 220 2348 294 2393; x_wconf 90' lang='lat' dir='ltr'><strong>non</strong></span> <span class='ocrx_word' id='word_1_130' title='bbox 330 2338 500 2419; x_wconf 82' lang='lat' dir='ltr'><strong>possunt,</strong></span> <span class='ocrx_word' id='word_1_131' title='bbox 552 2351 644 2422; x_wconf 85' lang='lat' dir='ltr'><strong>quae</strong></span> <span class='ocrx_word' id='word_1_132' title='bbox 683 2322 931 2396; x_wconf 77' lang='lat' dir='ltr'><strong>dedentibus</strong></span> <span class='ocrx_word' id='word_1_133' title='bbox 965 2336 1002 2395; x_wconf 91' lang='lat' dir='ltr'><strong>et</strong></span> <span class='ocrx_word' id='word_1_134' title='bbox 1035 2324 1174 2415; x_wconf 79' lang='lat' dir='ltr'><strong>fronte,</strong></span> <span class='ocrx_word' id='word_1_135' title='bbox 1213 2322 1306 2418; x_wconf 77' lang='grc'><strong>118,</strong></span> 
     </span>
     <span class='ocr_line' id='line_1_20' title="bbox 220 2419 1305 2523; baseline 0.003 -29"><span class='ocrx_word' id='word_1_136' title='bbox 220 2419 300 2494; x_wconf 73' lang='grc'><strong>117</strong></span> <span class='ocrx_word' id='word_1_137' title='bbox 343 2439 573 2516; x_wconf 85' lang='lat' dir='ltr'><strong>enarrantur,</strong></span> <span class='ocrx_word' id='word_1_138' title='bbox 630 2427 697 2498; x_wconf 80' lang='lat' dir='ltr'><strong>eir.</strong></span> <span class='ocrx_word' id='word_1_139' title='bbox 745 2426 791 2498; x_wconf 92' lang='grc'><strong>0.</strong></span> <span class='ocrx_word' id='word_1_140' title='bbox 818 2425 965 2497; x_wconf 86' lang='lat' dir='ltr'><strong>Miiller.</strong></span> <span class='ocrx_word' id='word_1_141' title='bbox 1019 2425 1045 2496; x_wconf 93' lang='lat' dir='ltr'><strong>l.</strong></span> <span class='ocrx_word' id='word_1_142' title='bbox 1076 2425 1102 2496; x_wconf 90' lang='lat' dir='ltr'><strong>l.</strong></span> <span class='ocrx_word' id='word_1_143' title='bbox 1146 2454 1182 2523; x_wconf 92' lang='lat' dir='ltr'><strong>p.</strong></span> <span class='ocrx_word' id='word_1_144' title='bbox 1210 2425 1305 2497; x_wconf 78' lang='grc'><strong>881.</strong></span> 
     </span>
     <span class='ocr_line' id='line_1_21' title="bbox 221 2525 1307 2624; baseline 0.006 -30"><span class='ocrx_word' id='word_1_145' title='bbox 221 2525 443 2623; x_wconf 80' lang='lat' dir='ltr'><strong>Deniquesi</strong></span> <span class='ocrx_word' id='word_1_146' title='bbox 470 2531 645 2624; x_wconf 87' lang='lat' dir='ltr'><strong>serpentis</strong></span> <span class='ocrx_word' id='word_1_147' title='bbox 671 2540 778 2624; x_wconf 87' lang='lat' dir='ltr'><strong>caput</strong></span> <span class='ocrx_word' id='word_1_148' title='bbox 803 2526 919 2599; x_wconf 91' lang='lat' dir='ltr'><strong>medio</strong></span> <span class='ocrx_word' id='word_1_149' title='bbox 945 2529 984 2597; x_wconf 91' lang='lat' dir='ltr'><strong>in</strong></span> <span class='ocrx_word' id='word_1_150' title='bbox 1007 2527 1116 2600; x_wconf 89' lang='lat' dir='ltr'><strong>Scuto</strong></span> <span class='ocrx_word' id='word_1_151' title='bbox 1152 2532 1307 2623; x_wconf 88' lang='lat' dir='ltr'><strong>positum</strong></span> 
     </span>
     <span class='ocr_line' id='line_1_22' title="bbox 220 2627 1307 2727; baseline 0.004 -31"><span class='ocrx_word' id='word_1_152' title='bbox 220 2627 367 2717; x_wconf 85' lang='lat' dir='ltr'><strong>fuisset,</strong></span> <span class='ocrx_word' id='word_1_153' title='bbox 408 2629 506 2700; x_wconf 89' lang='lat' dir='ltr'><strong>nulla</strong></span> <span class='ocrx_word' id='word_1_154' title='bbox 533 2634 669 2702; x_wconf 87' lang='lat' dir='ltr'><strong>ratione</strong></span> <span class='ocrx_word' id='word_1_155' title='bbox 692 2631 976 2726; x_wconf 77' lang='lat' dir='ltr'><strong>intelligeretur,</strong></span> <span class='ocrx_word' id='word_1_156' title='bbox 1026 2629 1112 2727; x_wconf 88' lang='lat' dir='ltr'><strong>qnid</strong></span> <span class='ocrx_word' id='word_1_157' title='bbox 1139 2629 1208 2700; x_wconf 90' lang='lat' dir='ltr'><strong>sibi</strong></span> <span class='ocrx_word' id='word_1_158' title='bbox 1235 2630 1307 2702; x_wconf 90' lang='lat' dir='ltr'><strong>vel-</strong></span> 
     </span>
     <span class='ocr_line' id='line_1_23' title="bbox 219 2724 1308 2828; baseline 0.007 -30"><span class='ocrx_word' id='word_1_159' title='bbox 219 2727 269 2799; x_wconf 84' lang='lat' dir='ltr'><strong>let</strong></span> <span class='ocrx_word' id='word_1_160' title='bbox 293 2741 395 2824; x_wconf 82' lang='lat' dir='ltr'><strong>pocla</strong></span> <span class='ocrx_word' id='word_1_161' title='bbox 421 2733 458 2800; x_wconf 89' lang='lat' dir='ltr'><strong>in</strong></span> <span class='ocrx_word' id='word_1_162' title='bbox 487 2758 558 2801; x_wconf 79' lang='lat' dir='ltr'><strong>vs8.</strong></span> <span class='ocrx_word' id='word_1_163' title='bbox 575 2728 672 2821; x_wconf 63' lang='lat' dir='ltr'><strong>loll,</strong></span> <span class='ocrx_word' id='word_1_164' title='bbox 707 2724 769 2801; x_wconf 86' lang='lat' dir='ltr'><strong>ubl</strong></span> <span class='ocrx_word' id='word_1_165' title='bbox 793 2737 973 2828; x_wconf 78' lang='grc' dir='ltr'><em>Προΐωξιν,</em></span> <span class='ocrx_word' id='word_1_166' title='bbox 1001 2737 1177 2818; x_wconf 80' lang='grc' dir='ltr'><em>Παλΐινξιν,</em></span> <span class='ocrx_word' id='word_1_167' title='bbox 1197 2734 1308 2825; x_wconf 76' lang='grc' dir='ltr'><strong><em>Ὅμα-</em></strong></span> 
     </span>
     <span class='ocr_line' id='line_1_24' title="bbox 218 2834 1304 2928; baseline 0.003 -26"><span class='ocrx_word' id='word_1_168' title='bbox 218 2841 277 2904; x_wconf 89' lang='grc' dir='ltr'><strong>δον</strong></span> <span class='ocrx_word' id='word_1_169' title='bbox 312 2843 348 2903; x_wconf 89' lang='lat' dir='ltr'><strong>et</strong></span> <span class='ocrx_word' id='word_1_170' title='bbox 379 2834 507 2905; x_wconf 84' lang='lat' dir='ltr'><strong>similia</strong></span> <span class='ocrx_word' id='word_1_171' title='bbox 541 2844 811 2922; x_wconf 78' lang='lat' dir='ltr'><strong>commemoret,</strong></span> <span class='ocrx_word' id='word_1_172' title='bbox 854 2859 933 2904; x_wconf 90' lang='lat' dir='ltr'><strong>cum</strong></span> <span class='ocrx_word' id='word_1_173' title='bbox 969 2843 1134 2928; x_wconf 88' lang='lat' dir='ltr'><strong>serpente</strong></span> <span class='ocrx_word' id='word_1_174' title='bbox 1170 2835 1304 2905; x_wconf 85' lang='lat' dir='ltr'><strong>iuncta.</strong></span> 
     </span>
     <span class='ocr_line' id='line_1_25' title="bbox 216 2931 1306 3033; baseline 0.006 -32"><span class='ocrx_word' id='word_1_175' title='bbox 216 2931 368 3003; x_wconf 84' lang='lat' dir='ltr'><strong>Accedit</strong></span> <span class='ocrx_word' id='word_1_176' title='bbox 397 2938 638 3006; x_wconf 85' lang='lat' dir='ltr'><strong>testimonium</strong></span> <span class='ocrx_word' id='word_1_177' title='bbox 675 2934 885 3006; x_wconf 82' lang='lat' dir='ltr'><strong>scholiastae</strong></span> <span class='ocrx_word' id='word_1_178' title='bbox 919 2935 1153 3030; x_wconf 84' lang='lat' dir='ltr'><strong>antiquioris,</strong></span> <span class='ocrx_word' id='word_1_179' title='bbox 1199 2962 1306 3033; x_wconf 89' lang='lat' dir='ltr'><strong>quam</strong></span> 
     </span>
     <span class='ocr_line' id='line_1_26' title="bbox 217 3033 1304 3132; baseline 0.006 -30"><span class='ocrx_word' id='word_1_180' title='bbox 217 3035 330 3103; x_wconf 82' lang='lat' dir='ltr'><strong>nostri</strong></span> <span class='ocrx_word' id='word_1_181' title='bbox 356 3033 440 3132; x_wconf 83' lang='lat' dir='ltr'><strong>libri</strong></span> <span class='ocrx_word' id='word_1_182' title='bbox 466 3049 502 3107; x_wconf 91' lang='lat' dir='ltr'><strong>ct</strong></span> <span class='ocrx_word' id='word_1_183' title='bbox 527 3036 760 3125; x_wconf 82' lang='lat' dir='ltr'><strong>scholiastae3</strong></span> <span class='ocrx_word' id='word_1_184' title='bbox 793 3035 967 3106; x_wconf 88' lang='lat' dir='ltr'><strong>accedunt</strong></span> <span class='ocrx_word' id='word_1_185' title='bbox 992 3046 1170 3131; x_wconf 86' lang='lat' dir='ltr'><strong>postremo</strong></span> <span class='ocrx_word' id='word_1_186' title='bbox 1186 3063 1304 3108; x_wconf 83' lang='lat' dir='ltr'><strong>exem·</strong></span> 
     </span>
     <span class='ocr_line' id='line_1_27' title="bbox 215 3131 1010 3228; baseline 0.003 -26"><span class='ocrx_word' id='word_1_187' title='bbox 215 3134 275 3228; x_wconf 85' lang='lat' dir='ltr'><strong>pla</strong></span> <span class='ocrx_word' id='word_1_188' title='bbox 304 3135 484 3206; x_wconf 88' lang='lat' dir='ltr'><strong>simillima</strong></span> <span class='ocrx_word' id='word_1_189' title='bbox 506 3135 597 3226; x_wconf 91' lang='lat' dir='ltr'><strong>duo,</strong></span> <span class='ocrx_word' id='word_1_190' title='bbox 635 3137 741 3208; x_wconf 87' lang='lat' dir='ltr'><strong>llom.</strong></span> <span class='ocrx_word' id='word_1_191' title='bbox 766 3135 811 3205; x_wconf 91' lang='lat' dir='ltr'><strong>ll.</strong></span> <span class='ocrx_word' id='word_1_192' title='bbox 835 3135 884 3225; x_wconf 89' lang='lat' dir='ltr'><strong>V,</strong></span> <span class='ocrx_word' id='word_1_193' title='bbox 911 3131 1010 3204; x_wconf 81' lang='lat'>758:</span> 
     </span>
    </p>

    <p class='ocr_par' dir='ltr' id='par_1_3' title="bbox 326 3237 1268 3336">
     <span class='ocr_line' id='line_1_28' title="bbox 326 3237 1268 3336; baseline 0.005 -27"><span class='ocrx_word' id='word_1_194' title='bbox 326 3237 414 3336; x_wconf 73' lang='grc' dir='ltr'><strong><em>ἀμφὶ</em></strong></span> <span class='ocrx_word' id='word_1_195' title='bbox 440 3247 471 3310; x_wconf 84' lang='grc' dir='ltr'><strong>δ’</strong></span> <span class='ocrx_word' id='word_1_196' title='bbox 500 3241 555 3336; x_wconf 70' lang='grc' dir='ltr'><strong>ἄρ’</strong></span> <span class='ocrx_word' id='word_1_197' title='bbox 583 3241 703 3332; x_wconf 73' lang='grc' dir='ltr'><em>νόμοισι</em></span> <span class='ocrx_word' id='word_1_198' title='bbox 727 3238 841 3330; x_wconf 73' lang='grc' dir='ltr'><em>βάλετ’</em></span> <span class='ocrx_word' id='word_1_199' title='bbox 870 3241 985 3330; x_wconf 79' lang='grc' dir='ltr'><em>αἰγίδα</em></span> <span class='ocrx_word' id='word_1_200' title='bbox 1009 3239 1268 3315; x_wconf 71' lang='grc' dir='ltr'><strong><em>θυσσανόεσσαν</em></strong></span> 
     </span>
    </p>

    <p class='ocr_par' dir='ltr' id='par_1_4' title="bbox 325 3339 1223 3438">
     <span class='ocr_line' id='line_1_29' title="bbox 325 3339 1223 3438; baseline 0.003 -28"><span class='ocrx_word' id='word_1_201' title='bbox 325 3339 447 3428; x_wconf 75' lang='grc' dir='ltr'><em>δεινήν,</em></span> <span class='ocrx_word' id='word_1_202' title='bbox 482 3341 522 3427; x_wconf 80' lang='grc' dir='ltr'><strong>ἣν</strong></span> <span class='ocrx_word' id='word_1_203' title='bbox 542 3354 615 3438; x_wconf 80' lang='grc' dir='ltr'><em>περὶ</em></span> <span class='ocrx_word' id='word_1_204' title='bbox 638 3355 698 3434; x_wconf 71' lang='grc' dir='ltr'><strong>μὲν</strong></span> <span class='ocrx_word' id='word_1_205' title='bbox 718 3344 825 3428; x_wconf 83' lang='grc' dir='ltr'><em>πάντη</em></span> <span class='ocrx_word' id='word_1_206' title='bbox 851 3341 960 3438; x_wconf 73' lang='grc' dir='ltr'><em>φόβος</em></span> <span class='ocrx_word' id='word_1_207' title='bbox 984 3342 1223 3435; x_wconf 76' lang='grc' dir='ltr'><em>ἐστιφάνωται·</em></span> 
     </span>
    </p>

    <p class='ocr_par' dir='ltr' id='par_1_5' title="bbox 325 3441 1241 3538">
     <span class='ocr_line' id='line_1_30' title="bbox 325 3441 1241 3538; baseline 0.002 -26"><span class='ocrx_word' id='word_1_208' title='bbox 325 3447 361 3512; x_wconf 72' lang='grc' dir='ltr'><strong>ἰν</strong></span> <span class='ocrx_word' id='word_1_209' title='bbox 385 3447 415 3512; x_wconf 81' lang='grc' dir='ltr'><strong>δ’</strong></span> <span class='ocrx_word' id='word_1_210' title='bbox 435 3441 538 3538; x_wconf 79' lang='grc' dir='ltr'><em>Ἔρις,</em></span> <span class='ocrx_word' id='word_1_211' title='bbox 573 3451 607 3515; x_wconf 79' lang='grc' dir='ltr'><strong>ἐν</strong></span> <span class='ocrx_word' id='word_1_212' title='bbox 632 3443 663 3512; x_wconf 80' lang='grc' dir='ltr'><strong>δ’</strong></span> <span class='ocrx_word' id='word_1_213' title='bbox 690 3442 805 3529; x_wconf 80' lang='grc' dir='ltr'><em>Ἀλκή,</em></span> <span class='ocrx_word' id='word_1_214' title='bbox 839 3450 873 3513; x_wconf 76' lang='grc' dir='ltr'><strong>ἐν</strong></span> <span class='ocrx_word' id='word_1_215' title='bbox 897 3449 932 3513; x_wconf 77' lang='grc' dir='ltr'><strong>δὲ</strong></span> <span class='ocrx_word' id='word_1_216' title='bbox 956 3446 1116 3537; x_wconf 72' lang='grc' dir='ltr'><strong>κρυόεσσα</strong></span> <span class='ocrx_word' id='word_1_217' title='bbox 1140 3442 1241 3532; x_wconf 72' lang='grc' dir='ltr'><em>Ἰωκή,</em></span> 
     </span>
    </p>

    <p class='ocr_par' dir='ltr' id='par_1_6' title="bbox 323 3542 1131 3641">
     <span class='ocr_line' id='line_1_31' title="bbox 323 3542 1131 3641; baseline 0 -27"><span class='ocrx_word' id='word_1_218' title='bbox 323 3549 358 3615; x_wconf 78' lang='grc' dir='ltr'><strong>ἐν</strong></span> <span class='ocrx_word' id='word_1_219' title='bbox 383 3549 417 3616; x_wconf 81' lang='grc' dir='ltr'><strong>δέ</strong></span> <span class='ocrx_word' id='word_1_220' title='bbox 441 3573 477 3614; x_wconf 86' lang='grc' dir='ltr'><strong>τε</strong></span> <span class='ocrx_word' id='word_1_221' title='bbox 499 3551 638 3638; x_wconf 75' lang='grc' dir='ltr'><em>Ιόργείη</em></span> <span class='ocrx_word' id='word_1_222' title='bbox 658 3545 800 3641; x_wconf 72' lang='grc' dir='ltr'><strong><em>κεφαλὴ,</em></strong></span> <span class='ocrx_word' id='word_1_223' title='bbox 831 3552 948 3615; x_wconf 72' lang='grc' dir='ltr'><em>δεινοῖο</em></span> <span class='ocrx_word' id='word_1_224' title='bbox 974 3542 1131 3635; x_wconf 74' lang='grc' dir='ltr'><em>πιλάρον,</em></span> 
     </span>
    </p>

    <p class='ocr_par' dir='ltr' id='par_1_7' title="bbox 208 3643 1301 4247">
     <span class='ocr_line' id='line_1_32' title="bbox 325 3643 1288 3740; baseline 0.002 -26"><span class='ocrx_word' id='word_1_225' title='bbox 325 3649 412 3732; x_wconf 71' lang='lat' dir='ltr'><strong>deira</strong></span> <span class='ocrx_word' id='word_1_226' title='bbox 432 3676 469 3717; x_wconf 83' lang='grc' dir='ltr'><strong>τε</strong></span> <span class='ocrx_word' id='word_1_227' title='bbox 487 3647 629 3740; x_wconf 78' lang='grc' dir='ltr'><strong>σμερδνή</strong></span> <span class='ocrx_word' id='word_1_228' title='bbox 654 3675 706 3728; x_wconf 83' lang='grc' dir='ltr'><strong>τε,</strong></span> <span class='ocrx_word' id='word_1_229' title='bbox 738 3645 818 3727; x_wconf 86' lang='grc' dir='ltr'><em>Διός</em></span> <span class='ocrx_word' id='word_1_230' title='bbox 845 3653 942 3738; x_wconf 75' lang='grc' dir='ltr'><strong><em>τέρας</em></strong></span> <span class='ocrx_word' id='word_1_231' title='bbox 963 3643 1136 3735; x_wconf 73' lang='grc' dir='ltr'><em>αἰγιόχοιο.</em></span> <span class='ocrx_word' id='word_1_232' title='bbox 1283 3719 1288 3729; x_wconf 69' lang='grc'><em>,</em></span> 
     </span>
     <span class='ocr_line' id='line_1_33' title="bbox 212 3741 1301 3841; baseline 0.004 -30"><span class='ocrx_word' id='word_1_233' title='bbox 212 3767 285 3838; x_wconf 89' lang='lat' dir='ltr'><strong>quo</strong></span> <span class='ocrx_word' id='word_1_234' title='bbox 312 3743 351 3811; x_wconf 91' lang='lat' dir='ltr'><strong>in</strong></span> <span class='ocrx_word' id='word_1_235' title='bbox 377 3742 456 3816; x_wconf 92' lang='lat' dir='ltr'><strong>loco</strong></span> <span class='ocrx_word' id='word_1_236' title='bbox 481 3747 615 3841; x_wconf 87' lang='lat' dir='ltr'><strong>primas</strong></span> <span class='ocrx_word' id='word_1_237' title='bbox 642 3746 754 3814; x_wconf 88' lang='lat' dir='ltr'><strong>nostri</strong></span> <span class='ocrx_word' id='word_1_238' title='bbox 786 3741 899 3814; x_wconf 88' lang='lat' dir='ltr'><strong>lineas</strong></span> <span class='ocrx_word' id='word_1_239' title='bbox 920 3745 1107 3838; x_wconf 32' lang='lat' dir='ltr'><strong>‚conspiei,</strong></span> <span class='ocrx_word' id='word_1_240' title='bbox 1152 3747 1301 3840; x_wconf 89' lang='lat' dir='ltr'><strong>apertis·</strong></span> 
     </span>
     <span class='ocr_line' id='line_1_34' title="bbox 211 3839 1301 3942; baseline 0.006 -32"><span class='ocrx_word' id='word_1_241' title='bbox 211 3845 341 3914; x_wconf 86' lang='lat' dir='ltr'><strong>simum</strong></span> <span class='ocrx_word' id='word_1_242' title='bbox 376 3859 452 3939; x_wconf 81' lang='lat' dir='ltr'><strong>est5</strong></span> <span class='ocrx_word' id='word_1_243' title='bbox 500 3858 537 3917; x_wconf 90' lang='lat' dir='ltr'><strong>et</strong></span> <span class='ocrx_word' id='word_1_244' title='bbox 566 3848 673 3915; x_wconf 87' lang='lat' dir='ltr'><strong>Paus.</strong></span> <span class='ocrx_word' id='word_1_245' title='bbox 696 3844 745 3934; x_wconf 89' lang='lat' dir='ltr'><strong>V,</strong></span> <span class='ocrx_word' id='word_1_246' title='bbox 776 3839 845 3932; x_wconf 83' lang='grc'><strong>18,</strong></span> <span class='ocrx_word' id='word_1_247' title='bbox 892 3842 955 3913; x_wconf 90' lang='lat' dir='ltr'><strong>ubi</strong></span> <span class='ocrx_word' id='word_1_248' title='bbox 983 3843 1026 3913; x_wconf 89' lang='lat' dir='ltr'><strong>de</strong></span> <span class='ocrx_word' id='word_1_249' title='bbox 1052 3871 1132 3914; x_wconf 87' lang='lat' dir='ltr'><strong>area</strong></span> <span class='ocrx_word' id='word_1_250' title='bbox 1157 3846 1301 3942; x_wconf 73' lang='lat' dir='ltr'><strong>Cypseli</strong></span> 
     </span>
     <span class='ocr_line' id='line_1_35' title="bbox 210 3941 1300 4047; baseline 0.009 -37"><span class='ocrx_word' id='word_1_251' title='bbox 210 3941 362 4015; x_wconf 85' lang='lat' dir='ltr'><strong>dicitur:</strong></span> <span class='ocrx_word' id='word_1_252' title='bbox 392 3949 527 4045; x_wconf 76' lang='grc' dir='ltr'><em>»φόβος</em></span> <span class='ocrx_word' id='word_1_253' title='bbox 552 3956 587 4020; x_wconf 77' lang='grc' dir='ltr'><strong>δὲ</strong></span> <span class='ocrx_word' id='word_1_254' title='bbox 612 3956 664 4020; x_wconf 72' lang='grc' dir='ltr'><strong>ἐπὶ</strong></span> <span class='ocrx_word' id='word_1_255' title='bbox 689 3957 748 4020; x_wconf 83' lang='grc' dir='ltr'><strong>τοῦ</strong></span> <span class='ocrx_word' id='word_1_256' title='bbox 767 3947 1011 4037; x_wconf 81' lang='grc' dir='ltr'><em>Ἀγαμέμνονος</em></span> <span class='ocrx_word' id='word_1_257' title='bbox 1032 3953 1074 4047; x_wconf 74' lang='grc' dir='ltr'><strong>τῇ</strong></span> <span class='ocrx_word' id='word_1_258' title='bbox 1094 3953 1207 4020; x_wconf 79' lang='grc' dir='ltr'><strong><em>ἀσπίδι</em></strong></span> <span class='ocrx_word' id='word_1_259' title='bbox 1231 3955 1300 4020; x_wconf 81' lang='grc' dir='ltr'><em>ἔπε-</em></span> 
     </span>
     <span class='ocr_line' id='line_1_36' title="bbox 209 4047 1301 4146; baseline 0.005 -30"><span class='ocrx_word' id='word_1_260' title='bbox 209 4072 297 4128; x_wconf 85' lang='grc' dir='ltr'><strong><em>στιν,</em></strong></span> <span class='ocrx_word' id='word_1_261' title='bbox 337 4052 417 4139; x_wconf 84' lang='grc' dir='ltr'><em>ἔχων</em></span> <span class='ocrx_word' id='word_1_262' title='bbox 459 4051 521 4138; x_wconf 72' lang='grc' dir='ltr'><strong>τὴν</strong></span> <span class='ocrx_word' id='word_1_263' title='bbox 550 4051 698 4146; x_wconf 76' lang='grc' dir='ltr'><strong><em>κεφαλὴν</em></strong></span> <span class='ocrx_word' id='word_1_264' title='bbox 733 4057 875 4130; x_wconf 77' lang='grc' dir='ltr'><em>λέοντος.</em></span> <span class='ocrx_word' id='word_1_265' title='bbox 915 4047 1149 4144; x_wconf 70' lang='grc' dir='ltr'><em>ἐπιγράμματα</em></span> <span class='ocrx_word' id='word_1_266' title='bbox 1184 4058 1219 4122; x_wconf 80' lang='grc' dir='ltr'><strong>δὲ</strong></span> <span class='ocrx_word' id='word_1_267' title='bbox 1248 4092 1301 4102; x_wconf 91' lang='grc'>-</span> 
     </span>
     <span class='ocr_line' id='line_1_37' title="bbox 208 4148 893 4247; baseline 0.004 -33"><span class='ocrx_word' id='word_1_268' title='bbox 208 4150 270 4215; x_wconf 81' lang='grc' dir='ltr'><strong>τοῦ</strong></span> <span class='ocrx_word' id='word_1_269' title='bbox 298 4151 540 4241; x_wconf 76' lang='grc' dir='ltr'><em>Ἀγαμέμνονος</em></span> <span class='ocrx_word' id='word_1_270' title='bbox 566 4157 600 4222; x_wconf 79' lang='grc' dir='ltr'><strong>δὲ</strong></span> <span class='ocrx_word' id='word_1_271' title='bbox 625 4158 677 4222; x_wconf 76' lang='grc' dir='ltr'><strong>ἐπὶ</strong></span> <span class='ocrx_word' id='word_1_272' title='bbox 700 4158 739 4247; x_wconf 76' lang='grc' dir='ltr'><strong>τῇ</strong></span> <span class='ocrx_word' id='word_1_273' title='bbox 765 4148 893 4222; x_wconf 80' lang='grc' dir='ltr'><strong>ἀσπίδι·</strong></span> 
     </span>
    </p>

    <p class='ocr_par' dir='ltr' id='par_1_8' title="bbox 270 4241 1301 4441">
     <span class='ocr_line' id='line_1_38' title="bbox 270 4241 1301 4348; baseline 0.007 -32"><span class='ocrx_word' id='word_1_274' title='bbox 270 4325 271 4328; x_wconf 10' lang='lat'>¹</span> <span class='ocrx_word' id='word_1_275' title='bbox 324 4241 429 4333; x_wconf 82' lang='grc' dir='ltr'><em>Οὗτος</em></span> <span class='ocrx_word' id='word_1_276' title='bbox 453 4260 518 4342; x_wconf 80' lang='grc' dir='ltr'><strong>μὲν</strong></span> <span class='ocrx_word' id='word_1_277' title='bbox 538 4251 671 4348; x_wconf 82' lang='grc' dir='ltr'><em>φόβος</em></span> <span class='ocrx_word' id='word_1_278' title='bbox 695 4257 763 4324; x_wconf 75' lang='grc' dir='ltr'><strong><em>ἐστὶ</em></strong></span> <span class='ocrx_word' id='word_1_279' title='bbox 787 4254 932 4347; x_wconf 80' lang='grc' dir='ltr'><em>βροτῶν·</em></span> <span class='ocrx_word' id='word_1_280' title='bbox 966 4249 984 4323; x_wconf 89' lang='grc' dir='ltr'>ὁ</span> <span class='ocrx_word' id='word_1_281' title='bbox 1020 4248 1052 4320; x_wconf 82' lang='grc' dir='ltr'><strong>δ’</strong></span> <span class='ocrx_word' id='word_1_282' title='bbox 1090 4254 1170 4341; x_wconf 79' lang='grc' dir='ltr'><em>ἔχων</em></span> <span class='ocrx_word' id='word_1_283' title='bbox 1199 4248 1301 4342; x_wconf 86' lang='grc' dir='ltr'><strong>Ἀγα-</strong></span> 
     </span>
     <span class='ocr_line' id='line_1_39' title="bbox 993 4362 1158 4441; baseline 0.006 -20"><span class='ocrx_word' id='word_1_284' title='bbox 993 4362 1158 4441; x_wconf 66' lang='lat' dir='ltr'><strong>pepone«</strong></span> 
     </span>
    </p>

    <p class='ocr_par' dir='ltr' id='par_1_9' title="bbox 207 4443 1300 4551">
     <span class='ocr_line' id='line_1_40' title="bbox 207 4443 1300 4551; baseline 0.006 -35"><span class='ocrx_word' id='word_1_285' title='bbox 207 4446 421 4543; x_wconf 84' lang='lat' dir='ltr'><strong>quibuscum</strong></span> <span class='ocrx_word' id='word_1_286' title='bbox 453 4454 650 4551; x_wconf 82' lang='lat' dir='ltr'><strong>comparari</strong></span> <span class='ocrx_word' id='word_1_287' title='bbox 676 4461 792 4549; x_wconf 90' lang='lat' dir='ltr'><strong>potest</strong></span> <span class='ocrx_word' id='word_1_288' title='bbox 817 4449 920 4522; x_wconf 86' lang='lat' dir='ltr'><strong>Sent.</strong></span> <span class='ocrx_word' id='word_1_289' title='bbox 945 4443 1040 4520; x_wconf 80' lang='lat'><strong>257.</strong></span> <span class='ocrx_word' id='word_1_290' title='bbox 1115 4451 1300 4523; x_wconf 88' lang='lat' dir='ltr'><strong>Postremo</strong></span> 
     </span>
    </p>
   </div>
   <div class='ocr_carea' id='block_1_3' title="bbox 0 0 1526 5264">
    <p class='ocr_par' dir='ltr' id='par_1_10' title="bbox 0 0 1526 5264">
     <span class='ocr_line' id='line_1_41' title="bbox 0 0 1526 5264; baseline 0 8"><span class='ocrx_word' id='word_1_291' title='bbox 0 0 1526 5264; x_wconf 95' lang='lat' dir='ltr'><strong> </strong></span> 
     </span>
    </p>
   </div>
  </div>
 </body>
</html>
