3044 5264
192 405 195 409 ’
282 427 287 437 ’
348 442 631 522 nnnnnanus
662 442 891 522 cuncus.
1088 436 1167 518 an

75 650 150 724 lus.
187 656 312 725 ιτοέτα·
346 648 526 746 arrignan-
594 647 666 721 Sed
705 676 812 750 qnam
846 661 1030 755 certa'est
1062 650 1173 728 huius

76 754 175 824 vocis
201 753 403 848 scripturn,
438 762 578 841 πέτηλα,
622 761 692 823 tarn
726 755 861 826 ineerta
893 765 930 826 et
961 753 1070 829 dubia
1100 782 1173 830 vox

74 856 189 953 prior·
244 854 288 952 lp
315 851 444 923 scholi.
475 851 503 922 Ι.
528 851 556 924 Ι.
589 856 818 950 κορωνιόωντα
849 854 1007 955 iegitur,
1042 869 1079 930 et
1110 884 1172 932 ex·
1279 921 1282 927 .

74 955 231 1056 plicatur
272 959 439 1048 ἐποκαμπῆ
480 954 686 1049 γεννήματα,
746 957 796 1028 ita
834 968 875 1029 ut
911 955 957 1031 ab
997 958 1173 1035 adiectivo

74 1057 235 1154 κορωνὸς,
280 1056 378 1152 quod
406 1057 526 1154 Etym.
561 1057 614 1125 Μ.
639 1051 742 1147 550,
768 1053 822 1126 27
859 1061 1014 1156 explicat
1036 1069 1172 1162 γαῦρος,
1282 1123 1284 1128 .
1350 1088 1352 1092 ·

75 1161 247 1259 ὑψανχήν,
282 1157 351 1228 cir.
371 1156 509 1228 Arcirii.
542 1155 672 1255 fragm.
690 1154 743 1237 59
770 1157 828 1231 ed.
857 1159 1086 1254 Schneidw„
1115 1164 1172 1235 vei

75 1261 289 1360 οκορώνοος,
338 1285 395 1355 op.
417 1257 578 1357 Hesych.
608 1284 639 1329 s.
667 1285 704 1328 u.
742 1271 921 1354 »μηνοειδῆ
949 1269 1029 1358 ἔχων
1049 1274 1173 1363 κέρατα

74 1369 182 1455 βοῦςι
220 1358 367 1432 verbum
392 1362 561 1457 κορωνοοὲω
587 1371 781 1456 repetatur.
836 1363 920 1436 Non
943 1364 1048 1437 aliter
1072 1364 1102 1436 f.
1130 1392 1169 1464 p.

74 1459 140 1534 59.
196 1462 294 1537 ldern
321 1459 495 1560 praebent
523 1461 785 1535 BCFGRSV
810 1463 897 1535 Ald.
928 1465 985 1538 lu.
1003 1462 1043 1538 1.
1066 1468 1169 1539 Bass.

76 1563 204 1661 Steph.
235 1566 337 1637 Com.
362 1564 491 1634 Heins.
523 1564 699 1634 Wintert.
724 1561 877 1637 Robins.
898 1566 1032 1638 Loesn.
1050 1569 1170 1640 Boiss.

76 1677 112 1739 ct
127 1666 314 1763 Lennep.,
350 1666 414 1762 qui
440 1666 698 1760 interpretatur
724 1666 885 1741 ,νεύοντα
911 1678 1019 1765 ἔραζε,
1043 1671 1172 1743 aristae

57 1794 224 1866 graves,
283 1769 456 1866 gravitate
496 1767 691 1837 incurvae«
752 1766 923 1866 additque
973 1779 1175 1870 »Κορωνιᾷν
1283 1861 1285 1865 Ι

76 1868 260 1967 eleganter
286 1870 391 1939 etiam
418 1892 534 1963 equus
561 1866 692 1938 dicitur
714 1867 848 1940 inflexo
866 1870 958 1940 coilo
976 1872 1168 1968 superbus.

23 1986 27 1994 ’
76 1970 163 2042 Vid.
194 1970 264 2038 Dio
292 1968 424 2065 Chrys.
462 1966 777 2057 0r.LXXV111‚
811 1996 848 2066 p.
872 1966 950 2039 659
982 1983 1018 2044 et
1050 1974 1168 2071 Heyn.
1282 1963 1284 1967 ’

75 2072 120 2143 ad
148 2070 193 2141 ll.
221 2073 277 2161 lt,
301 2067 423 2139 592«
460 2067 674 2166 quibuscum
702 2068 771 2141 cfr.
800 2071 958 2170 Hesyeh.
987 2099 1019 2144 s.
1041 2099 1078 2145 v.
1116 2106 1172 2148 κο·

76 2181 202 2272 ρωνιῶν
233 2183 269 2243 et
303 2170 407 2242 Suid.
437 2196 471 2241 s.
499 2197 559 2240 vv.
593 2183 745 2270 κορωνῶν
776 2198 809 2244 c.
844 2175 988 2245 Rusteri
1022 2185 1104 2247 nota
1137 2186 1174 2249 ct

76 2286 227 2370 ἐκορωνία
255 2301 300 2345 cx
327 2269 454 2371 Polyb.
482 2272 647 2364 xxvii,
673 2269 739 2344 15.
768 2318 820 2329 -—
886 2275 1076 2373 Duplieem
1111 2275 1172 2348 dc·

76 2376 161 2448 inde
188 2378 400 2470 scripturam
428 2374 609 2446 dindicat
638 2378 715 2449 ιΤό
739 2375 950 2474 κορυνοόιντω
976 2388 1174 2477 ὃιφορεῖιαι.
1269 2467 1271 2470 ⁴
1352 2440 1358 2463 ,

76 2492 130 2554 καὶ
156 2511 218 2574 γαρ
245 2490 301 2552 καὶ
330 2480 606 2574 κορωνιόεντοι
626 2477 800 2575 γράφεται,
827 2480 932 2570 ἤγουν
950 2490 1086 2573 μέλανα.
1113 2491 1174 2558 ’καὶ

75 2584 143 2675 γάρ
166 2588 231 2652 τῶν
257 2578 430 2671 ἀσταχύων
456 2587 487 2650 oi
512 2587 572 2668 μὲν
597 2587 717 2653 λευκοί.
780 2589 812 2651 οἱ
835 2586 869 2653 δὲ
895 2581 1028 2675 πορῥοὶ.
1079 2591 1112 2653 οἱ
1138 2590 1174 2657 a

76 2692 224 2775 μέλανες.
276 2683 310 2752 oi'
323 2690 379 2751 καὶ
396 2687 460 2750 τῶν
475 2680 584 2751 ἄλλων
599 2679 852 2775 διαφορώτερον.
893 2682 917 2768 ἢ
939 2681 1173 2777 κορννιόεν·

76 2816 139 2857 τα.
195 2783 300 2874 ἤγουν
334 2779 506 2879 decadae·
547 2791 604 2852 καὶ
640 2781 685 2852 δι’
726 2786 905 2876 εὐκαρπίαν
933 2782 1063 2874 εὔογκα.
1117 2815 1173 2857 κο·

77 2885 159 2983 ρύνη
184 2885 248 2979 γὰρ
274 2883 295 2970 ἡ
321 2882 482 2976 ῥάβδος.«
535 2879 697 2974 Quorum
716 2882 816 2977 prius
839 2879 929 2950 iliud
954 2882 1173 2979 κορωνιόεντα

78 2982 225 3057 exhibet
250 2983 289 3073 l,
336 2992 372 3053 et
409 2981 544 3078 recepit
583 3007 627 3053 ex
660 2983 755 3053 coni.
788 2981 989 3073 Schmidt,
1046 2983 1172 3055 simili·

77 3100 204 3184 terque
226 3087 265 3155 M
296 3085 515 3180 κορωνόοντα,
555 3094 592 3155 ct
616 3083 645 3152 Ε
670 3093 891 3182 κορονιοέντα.
954 3081 1027 3156 Sed
1054 3111 1171 3185 neque

78 3189 257 3285 reperitur
282 3184 351 3257 hoc
374 3185 590 3259 adiectivum
618 3184 754 3257 aiibiet
776 3187 1021 3281 interpretatio
1045 3198 1172 3284 μέλανα

76 3293 200 3385 inepta
227 3299 281 3361 est
306 3296 342 3359 et
356 3311 538 3383 perversa.
554 3330 605 3345 -—
656 3287 839 3359 Posterius
855 3313 940 3358 vero
962 3295 1173 3389 κορννιόιντα

78 3392 183 3464 exT
216 3387 352 3460 habent
380 3389 530 3479 Trina,
569 3388 685 3487 Bog.‚
726 3414 800 3488 mg.
830 3385 984 3486 steph„
1019 3390 1170 3484 Graes„

80 3493 205 3566 Guiet.
232 3489 349 3564 Gaist'.
380 3488 492 3560 Dind.
522 3489 690 3582 Goettl.‚.
729 3488 773 3562 de
800 3516 873 3588 quo
899 3491 1027 3588 Steph.
1056 3491 1170 3563 Thes.

77 3621 117 3693 p.
146 3589 249 3664 5261
288 3590 407 3664 Lond.
450 3595 671 3690 »Κορονιόεος
711 3602 747 3664 ct
780 3592 978 3692 κορονῶδης.
1041 3592 1173 3666 Ciavac

79 3697 229 3767 formum
248 3691 401 3785 habens,
429 3694 467 3764 in
487 3694 607 3766 clavae
625 3692 769 3765 modum
788 3692 1009 3792 fastigiatus,
1062 3693 1173 3790 Apud

79 3797 276 3869 Hesiodum
303 3841 376 3866 -.
441 3794 595 3889 Quidam
630 3822 715 3868 vero
748 3805 875 3892 putant
908 3793 1045 3867 culmos
1071 3794 1172 3866 fasti·

79 3901 196 3998 giatos
222 3895 323 3970 reddi
349 3920 474 3992 posse,
510 3896 607 3996 quod
624 3896 721 3968 Plin.
749 3895 793 3968 de
820 3920 993 3996 asparago
1019 3897 1172 3997 loquens

80 4001 231 4072 dixeritz
284 3998 387 4069 Viret
412 3997 535 4096 thyrso
562 4000 717 4096 primum
750 3998 946 4088 emicante,
992 4001 1056 4098 qui
1089 4023 1171 4070 cau·
1215 4074 1225 4084 Π

78 4100 150 4175 lem
189 4100 365 4189 educens,
419 4110 578 4198 tempore
616 4102 718 4197 ipso,
767 4124 840 4199 quo
870 4097 1073 4198 fastigiatus
1101 4111 1170 4190 est,

77 4205 117 4275 in
145 4215 242 4276 toros
267 4202 471 4299 stringitur.
525 4201 596 4274 Hic
621 4203 717 4274 enim
744 4205 904 4298 thyrsum
930 4213 967 4273 ct
987 4202 1171 4303 fastigium

78 4330 249 4404 asparago
288 4302 399 4376 tribui
431 4301 554 4375 eodem
586 4302 714 4395 modo,
760 4326 832 4402 quo
867 4300 1052 4400 Theophr.
1103 4301 1168 4404 (Η.

77 4405 135 4476 ΡΙ.
161 4404 200 4497 6,
223 4401 265 4498 li,
294 4402 354 4506 2.)
400 4403 487 4478 dicit
509 4400 603 4481 ¹eum
636 4404 765 4506 ἐκφύειν
795 4407 887 4504 παρὰ
920 4407 982 4492 τὰς
1015 4405 1173 4491 ἀκάνθας

75 4516 255 4609 κορννῶδις
278 4508 413 4611 μικρόνι
457 4516 495 4580 at
520 4505 653 4583 Gazam
675 4507 823 4585 omnino
847 4503 940 4579 malo
962 4505 1170 4582 Piciliosurn

888 4629 940 4708 16
