<?xml version="1.0" encoding="UTF-8"?>
<!DOCTYPE html PUBLIC "-//W3C//DTD XHTML 1.0 Transitional//EN"
    "http://www.w3.org/TR/xhtml1/DTD/xhtml1-transitional.dtd">
<html xmlns="http://www.w3.org/1999/xhtml" xml:lang="en" lang="en">
 <head>
  <title>
</title>
<meta http-equiv="Content-Type" content="text/html;charset=utf-8" />
  <meta name='ocr-system' content='tesseract 3.04.00' />
  <meta name='ocr-capabilities' content='ocr_page ocr_carea ocr_par ocr_line ocrx_word'/>
</head>
<body>
  <div class='ocr_page' id='page_1' title='image "./hesiodiquodfert00wolfgoog_0323.png"; bbox 0 0 3044 5264; ppageno 0'>
   <div class='ocr_carea' id='block_1_1' title="bbox 207 416 1004 517">
    <p class='ocr_par' dir='ltr' id='par_1_1' title="bbox 207 416 1004 517">
     <span class='ocr_line' id='line_1_1' title="bbox 207 416 1004 517; baseline 0.019 -22"><span class='ocrx_word' id='word_1_1' title='bbox 207 420 294 497; x_wconf 72' lang='grc'><strong>504</strong></span> <span class='ocrx_word' id='word_1_2' title='bbox 502 416 814 517; x_wconf 69' lang='lat' dir='ltr'><strong>Senamontai</strong></span> <span class='ocrx_word' id='word_1_3' title='bbox 847 426 1004 512; x_wconf 83' lang='lat' dir='ltr'><strong>ORIGO.</strong></span> 
     </span>
    </p>
   </div>
   <div class='ocr_carea' id='block_1_2' title="bbox 207 636 1300 1036">
    <p class='ocr_par' dir='ltr' id='par_1_2' title="bbox 207 636 1300 1036">
     <span class='ocr_line' id='line_1_2' title="bbox 207 636 1300 739; baseline 0.004 -27"><span class='ocrx_word' id='word_1_4' title='bbox 207 640 247 713; x_wconf 95' lang='lat' dir='ltr'><strong>in</strong></span> <span class='ocrx_word' id='word_1_5' title='bbox 272 643 377 714; x_wconf 70' lang='lat' dir='ltr'><strong>uersu</strong></span> <span class='ocrx_word' id='word_1_6' title='bbox 398 641 625 713; x_wconf 65' lang='lat' dir='ltr'><strong>vexatissimo</strong></span> <span class='ocrx_word' id='word_1_7' title='bbox 647 636 727 711; x_wconf 78' lang='lat'><strong>575</strong></span> <span class='ocrx_word' id='word_1_8' title='bbox 759 646 850 716; x_wconf 79' lang='lat' dir='ltr'><strong>naio&#39;</strong></span> <span class='ocrx_word' id='word_1_9' title='bbox 878 640 987 739; x_wconf 73' lang='grc' dir='ltr'><em>εὐρεῖα</em></span> <span class='ocrx_word' id='word_1_10' title='bbox 1009 640 1106 735; x_wconf 71' lang='grc' dir='ltr'><strong>χθών</strong></span> <span class='ocrx_word' id='word_1_11' title='bbox 1127 640 1170 713; x_wconf 90' lang='lat' dir='ltr'><strong>in</strong></span> <span class='ocrx_word' id='word_1_12' title='bbox 1192 651 1300 716; x_wconf 84' lang='lat' dir='ltr'><strong>textu</strong></span> 
     </span>
     <span class='ocr_line' id='line_1_3' title="bbox 208 740 1300 844; baseline 0.004 -31"><span class='ocrx_word' id='word_1_13' title='bbox 208 741 271 844; x_wconf 80' lang='lat' dir='ltr'><strong>(F)</strong></span> <span class='ocrx_word' id='word_1_14' title='bbox 298 742 449 842; x_wconf 72' lang='lat' dir='ltr'><strong>legitur,</strong></span> <span class='ocrx_word' id='word_1_15' title='bbox 479 744 576 826; x_wconf 75' lang='lat' dir='ltr'><strong>¹anio&#39;</strong></span> <span class='ocrx_word' id='word_1_16' title='bbox 604 745 711 843; x_wconf 69' lang='grc' dir='ltr'><em>εὐρεῖα</em></span> <span class='ocrx_word' id='word_1_17' title='bbox 731 777 764 838; x_wconf 83' lang='grc' dir='ltr'><strong>χ.</strong></span> <span class='ocrx_word' id='word_1_18' title='bbox 794 745 832 813; x_wconf 82' lang='grc' dir='ltr'><strong>ἱο</strong></span> <span class='ocrx_word' id='word_1_19' title='bbox 858 741 1066 839; x_wconf 76' lang='lat' dir='ltr'><strong>paraphrasi</strong></span> <span class='ocrx_word' id='word_1_20' title='bbox 1093 740 1167 844; x_wconf 85' lang='lat' dir='ltr'><strong>(l).</strong></span> <span class='ocrx_word' id='word_1_21' title='bbox 1222 743 1300 817; x_wconf 80' lang='lat' dir='ltr'><strong>sed</strong></span> 
     </span>
     <span class='ocr_line' id='line_1_4' title="bbox 208 845 1300 942; baseline 0.001 -25"><span class='ocrx_word' id='word_1_22' title='bbox 208 847 279 918; x_wconf 89' lang='lat' dir='ltr'><strong>alia</strong></span> <span class='ocrx_word' id='word_1_23' title='bbox 304 848 413 917; x_wconf 86' lang='lat' dir='ltr'><strong>multa</strong></span> <span class='ocrx_word' id='word_1_24' title='bbox 439 845 595 918; x_wconf 85' lang='lat' dir='ltr'><strong>eiusdem</strong></span> <span class='ocrx_word' id='word_1_25' title='bbox 629 847 772 942; x_wconf 88' lang='lat' dir='ltr'><strong>generis</strong></span> <span class='ocrx_word' id='word_1_26' title='bbox 797 846 1057 941; x_wconf 84' lang='lat' dir='ltr'><strong>reperiuntur.-</strong></span> <span class='ocrx_word' id='word_1_27' title='bbox 1109 845 1152 915; x_wconf 85' lang='lat' dir='ltr'><strong>ln</strong></span> <span class='ocrx_word' id='word_1_28' title='bbox 1178 847 1300 942; x_wconf 91' lang='lat' dir='ltr'><strong>primo</strong></span> 
     </span>
     <span class='ocr_line' id='line_1_5' title="bbox 208 945 1299 1036; baseline 0.002 -19"><span class='ocrx_word' id='word_1_29' title='bbox 208 973 315 1018; x_wconf 84' lang='lat' dir='ltr'><strong>versu</strong></span> <span class='ocrx_word' id='word_1_30' title='bbox 339 948 371 1017; x_wconf 72' lang='lat' dir='ltr'><strong>ll.</strong></span> <span class='ocrx_word' id='word_1_31' title='bbox 393 946 508 1020; x_wconf 81' lang='lat' dir='ltr'><strong>hahet</strong></span> <span class='ocrx_word' id='word_1_32' title='bbox 528 952 700 1035; x_wconf 75' lang='grc' dir='ltr'><strong>ιοῖηδὲι,</strong></span> <span class='ocrx_word' id='word_1_33' title='bbox 743 945 771 1018; x_wconf 78' lang='lat' dir='ltr'><strong>f.</strong></span> <span class='ocrx_word' id='word_1_34' title='bbox 802 953 861 1022; x_wconf 78' lang='lat' dir='ltr'><strong>»ol</strong></span> <span class='ocrx_word' id='word_1_35' title='bbox 881 949 976 1036; x_wconf 74' lang='lat' dir='ltr'><strong>ol&#39;p«,</strong></span> <span class='ocrx_word' id='word_1_36' title='bbox 1015 945 1072 1016; x_wconf 86' lang='lat' dir='ltr'><strong>vel</strong></span> <span class='ocrx_word' id='word_1_37' title='bbox 1096 958 1137 1017; x_wconf 91' lang='lat' dir='ltr'><strong>ut</strong></span> <span class='ocrx_word' id='word_1_38' title='bbox 1161 950 1299 1032; x_wconf 84' lang='lat' dir='ltr'><strong>rectius</strong></span> 
     </span>
    </p>
   </div>
   <div class='ocr_carea' id='block_1_3' title="bbox 70 1043 1300 1144">
    <p class='ocr_par' dir='ltr' id='par_1_3' title="bbox 70 1043 1300 1144">
     <span class='ocr_line' id='line_1_6' title="bbox 70 1043 1300 1144; baseline 0.003 -24"><span class='ocrx_word' id='word_1_39' title='bbox 70 1116 76 1128; x_wconf 83' lang='lat'><strong>,</strong></span> <span class='ocrx_word' id='word_1_40' title='bbox 208 1048 377 1121; x_wconf 83' lang='lat' dir='ltr'><strong>scribitur</strong></span> <span class='ocrx_word' id='word_1_41' title='bbox 403 1052 448 1140; x_wconf 65' lang='lat' dir='ltr'><strong>aa}</strong></span> <span class='ocrx_word' id='word_1_42' title='bbox 475 1052 577 1141; x_wconf 70' lang='grc' dir='ltr'><em>,οἱήις</em></span> <span class='ocrx_word' id='word_1_43' title='bbox 620 1073 676 1119; x_wconf 82' lang='lat' dir='ltr'><strong>vs.</strong></span> <span class='ocrx_word' id='word_1_44' title='bbox 699 1043 754 1131; x_wconf 75' lang='grc'><strong>25</strong></span> <span class='ocrx_word' id='word_1_45' title='bbox 779 1048 809 1118; x_wconf 89' lang='lat' dir='ltr'>F</span> <span class='ocrx_word' id='word_1_46' title='bbox 835 1052 1024 1143; x_wconf 66' lang='lat' dir='ltr'><strong>»tapam«,</strong></span> <span class='ocrx_word' id='word_1_47' title='bbox 1065 1047 1087 1118; x_wconf 83' lang='lat' dir='ltr'><strong>l&#39;</strong></span> <span class='ocrx_word' id='word_1_48' title='bbox 1106 1058 1300 1144; x_wconf 61' lang='grc' dir='ltr'><strong>»ἱέμενοισς</strong></span> 
     </span>
    </p>
   </div>
   <div class='ocr_carea' id='block_1_4' title="bbox 205 1146 1302 1552">
    <p class='ocr_par' dir='ltr' id='par_1_4' title="bbox 205 1146 1302 1552">
     <span class='ocr_line' id='line_1_7' title="bbox 207 1146 1302 1252; baseline 0.005 -30"><span class='ocrx_word' id='word_1_49' title='bbox 207 1175 244 1224; x_wconf 68' lang='lat' dir='ltr'><strong>v»</strong></span> <span class='ocrx_word' id='word_1_50' title='bbox 265 1146 319 1220; x_wconf 92' lang='grc'><strong>55</strong></span> <span class='ocrx_word' id='word_1_51' title='bbox 340 1152 368 1220; x_wconf 68' lang='lat' dir='ltr'><strong>lt*-</strong></span> <span class='ocrx_word' id='word_1_52' title='bbox 389 1151 608 1252; x_wconf 70' lang='grc' dir='ltr'><strong><em>»ταινσφύρῳ</em></strong></span> <span class='ocrx_word' id='word_1_53' title='bbox 629 1150 879 1252; x_wconf 63' lang='grc' dir='ltr'><em>Ἠλοκτροῶημ</em></span> <span class='ocrx_word' id='word_1_54' title='bbox 898 1149 920 1220; x_wconf 86' lang='lat' dir='ltr'><strong>f</strong></span> <span class='ocrx_word' id='word_1_55' title='bbox 922 1196 924 1203; x_wconf 70' lang='lat'><strong>,</strong></span> <span class='ocrx_word' id='word_1_56' title='bbox 936 1181 948 1215; x_wconf 77' lang='lat' dir='ltr'><strong>a</strong></span> <span class='ocrx_word' id='word_1_57' title='bbox 961 1151 1175 1248; x_wconf 69' lang='grc' dir='ltr'><strong><em>τανυσφύρου</em></strong></span> <span class='ocrx_word' id='word_1_58' title='bbox 1191 1153 1302 1227; x_wconf 58' lang='lat' dir='ltr'><strong>’Hae</strong></span> 
     </span>
     <span class='ocr_line' id='line_1_8' title="bbox 205 1248 1302 1350; baseline 0 -21"><span class='ocrx_word' id='word_1_59' title='bbox 205 1252 394 1349; x_wconf 78' lang='grc' dir='ltr'><em>κτρυώοηςι</em></span> <span class='ocrx_word' id='word_1_60' title='bbox 436 1278 517 1325; x_wconf 90' lang='lat' dir='ltr'><strong>cum</strong></span> <span class='ocrx_word' id='word_1_61' title='bbox 554 1254 737 1350; x_wconf 89' lang='lat' dir='ltr'><strong>plerlsque</strong></span> <span class='ocrx_word' id='word_1_62' title='bbox 767 1250 905 1346; x_wconf 68' lang='lat' dir='ltr'><strong>libris,</strong></span> <span class='ocrx_word' id='word_1_63' title='bbox 933 1275 987 1322; x_wconf 83' lang='lat' dir='ltr'><strong>vs.</strong></span> <span class='ocrx_word' id='word_1_64' title='bbox 1007 1248 1088 1324; x_wconf 67' lang='lat' dir='ltr'><strong>tta</strong></span> <span class='ocrx_word' id='word_1_65' title='bbox 1120 1255 1149 1323; x_wconf 73' lang='lat' dir='ltr'><strong>l*</strong></span> <span class='ocrx_word' id='word_1_66' title='bbox 1187 1256 1302 1328; x_wconf 71' lang='lat' dir='ltr'><strong>»notri</strong></span> 
     </span>
     <span class='ocr_line' id='line_1_9' title="bbox 207 1352 1302 1454; baseline -0.001 -28"><span class='ocrx_word' id='word_1_67' title='bbox 207 1366 375 1454; x_wconf 72' lang='grc' dir='ltr'><strong>φέρτεραι</strong></span> <span class='ocrx_word' id='word_1_68' title='bbox 405 1355 437 1426; x_wconf 63' lang='lat' dir='ltr'><strong>if</strong></span> <span class='ocrx_word' id='word_1_69' title='bbox 453 1380 578 1452; x_wconf 87' lang='lat' dir='ltr'><strong>quum·</strong></span> <span class='ocrx_word' id='word_1_70' title='bbox 599 1352 727 1425; x_wconf 88' lang='lat' dir='ltr'><strong>habeat</strong></span> <span class='ocrx_word' id='word_1_71' title='bbox 754 1355 1072 1449; x_wconf 62' lang='lat' dir='ltr'><strong>»circumeuntesque</strong></span> <span class='ocrx_word' id='word_1_72' title='bbox 1109 1365 1144 1425; x_wconf 92' lang='lat' dir='ltr'><strong>et</strong></span> <span class='ocrx_word' id='word_1_73' title='bbox 1175 1354 1302 1452; x_wconf 76' lang='lat' dir='ltr'><strong>glossa</strong></span> 
     </span>
     <span class='ocr_line' id='line_1_10' title="bbox 207 1453 1300 1552; baseline 0 -26"><span class='ocrx_word' id='word_1_74' title='bbox 207 1456 448 1527; x_wconf 78' lang='lat' dir='ltr'><strong>interlinearis</strong></span> <span class='ocrx_word' id='word_1_75' title='bbox 472 1457 737 1551; x_wconf 56' lang='lat' dir='ltr'><strong>apparantem,</strong></span> <span class='ocrx_word' id='word_1_76' title='bbox 765 1464 862 1551; x_wconf 86' lang='lat' dir='ltr'><strong>patet</strong></span> <span class='ocrx_word' id='word_1_77' title='bbox 887 1453 1057 1552; x_wconf 85' lang='lat' dir='ltr'><strong>explicari</strong></span> <span class='ocrx_word' id='word_1_78' title='bbox 1083 1457 1300 1552; x_wconf 80' lang='lat' dir='ltr'><strong>scripturam</strong></span> 
     </span>
    </p>
   </div>
   <div class='ocr_carea' id='block_1_5' title="bbox 66 1551 1302 1657">
    <p class='ocr_par' dir='ltr' id='par_1_5' title="bbox 66 1551 1302 1657">
     <span class='ocr_line' id='line_1_11' title="bbox 66 1551 1302 1657; baseline 0.003 -28"><span class='ocrx_word' id='word_1_79' title='bbox 66 1594 69 1599; x_wconf 92' lang='lat'>·</span> <span class='ocrx_word' id='word_1_80' title='bbox 207 1553 360 1629; x_wconf 77' lang='lat' dir='ltr'><strong>aliorum</strong></span> <span class='ocrx_word' id='word_1_81' title='bbox 384 1556 558 1630; x_wconf 88' lang='lat' dir='ltr'><strong>librorum</strong></span> <span class='ocrx_word' id='word_1_82' title='bbox 585 1560 701 1633; x_wconf 80' lang='grc' dir='ltr'><em>ιπολύ·</em></span> <span class='ocrx_word' id='word_1_83' title='bbox 717 1568 867 1657; x_wconf 71' lang='grc' dir='ltr'><strong>φίλτορο.</strong></span> <span class='ocrx_word' id='word_1_84' title='bbox 880 1579 919 1646; x_wconf 66' lang='grc' dir='ltr'><strong>«ξ</strong></span> <span class='ocrx_word' id='word_1_85' title='bbox 951 1579 1008 1627; x_wconf 83' lang='lat' dir='ltr'><strong>vs.</strong></span> <span class='ocrx_word' id='word_1_86' title='bbox 1022 1551 1108 1639; x_wconf 68' lang='lat'><strong>‘185</strong></span> <span class='ocrx_word' id='word_1_87' title='bbox 1143 1559 1302 1655; x_wconf 71' lang='grc' dir='ltr'><strong>ἀργύρεοι</strong></span> 
     </span>
    </p>
   </div>
   <div class='ocr_carea' id='block_1_6' title="bbox 207 1656 1301 2466">
    <p class='ocr_par' dir='ltr' id='par_1_6' title="bbox 207 1656 1301 2466">
     <span class='ocr_line' id='line_1_12' title="bbox 207 1656 1300 1757; baseline 0.001 -28"><span class='ocrx_word' id='word_1_88' title='bbox 207 1682 310 1757; x_wconf 82' lang='lat' dir='ltr'><strong>seqq.</strong></span> <span class='ocrx_word' id='word_1_89' title='bbox 339 1661 377 1730; x_wconf 91' lang='lat' dir='ltr'><strong>in</strong></span> <span class='ocrx_word' id='word_1_90' title='bbox 404 1659 434 1729; x_wconf 84' lang='lat' dir='ltr'>F</span> <span class='ocrx_word' id='word_1_91' title='bbox 459 1661 612 1730; x_wconf 88' lang='lat' dir='ltr'><strong>omissus</strong></span> <span class='ocrx_word' id='word_1_92' title='bbox 638 1669 806 1731; x_wconf 80' lang='lat' dir='ltr'><strong>et-manu</strong></span> <span class='ocrx_word' id='word_1_93' title='bbox 831 1658 1035 1729; x_wconf 87' lang='lat' dir='ltr'><strong>recentiore·</strong></span> <span class='ocrx_word' id='word_1_94' title='bbox 1055 1656 1194 1730; x_wconf 80' lang='lat' dir='ltr'><strong>additus</strong></span> <span class='ocrx_word' id='word_1_95' title='bbox 1218 1670 1300 1752; x_wconf 70' lang='lat' dir='ltr'><strong>est,</strong></span> 
     </span>
     <span class='ocr_line' id='line_1_13' title="bbox 208 1754 1301 1856; baseline 0.005 -27"><span class='ocrx_word' id='word_1_96' title='bbox 208 1758 248 1830; x_wconf 88' lang='lat' dir='ltr'><strong>in</strong></span> <span class='ocrx_word' id='word_1_97' title='bbox 273 1758 450 1855; x_wconf 66' lang='lat' dir='ltr'><strong>lentat,</strong></span> <span class='ocrx_word' id='word_1_98' title='bbox 487 1762 526 1833; x_wconf 91' lang='lat' dir='ltr'><strong>in</strong></span> <span class='ocrx_word' id='word_1_99' title='bbox 551 1787 605 1832; x_wconf 65' lang='lat' dir='ltr'><strong>usa</strong></span> <span class='ocrx_word' id='word_1_100' title='bbox 625 1754 701 1831; x_wconf 80' lang='grc'><strong>199</strong></span> <span class='ocrx_word' id='word_1_101' title='bbox 726 1763 754 1831; x_wconf 71' lang='lat' dir='ltr'><strong>ll</strong></span> <span class='ocrx_word' id='word_1_102' title='bbox 779 1769 838 1836; x_wconf 76' lang='grc' dir='ltr'><strong>»ἐν</strong></span> <span class='ocrx_word' id='word_1_103' title='bbox 858 1771 986 1856; x_wconf 62' lang='lat' dir='ltr'><strong>papi«,</strong></span> <span class='ocrx_word' id='word_1_104' title='bbox 1030 1759 1050 1830; x_wconf 79' lang='lat' dir='ltr'>f</span> <span class='ocrx_word' id='word_1_105' title='bbox 1078 1769 1301 1855; x_wconf 72' lang='grc' dir='ltr'><strong>»ἔν-χεροὶις</strong></span> 
     </span>
     <span class='ocr_line' id='line_1_14' title="bbox 207 1858 1300 1962; baseline 0.003 -30"><span class='ocrx_word' id='word_1_106' title='bbox 207 1861 248 1932; x_wconf 89' lang='lat' dir='ltr'><strong>in</strong></span> <span class='ocrx_word' id='word_1_107' title='bbox 273 1859 421 1933; x_wconf 65' lang='lat' dir='ltr'><strong>estha</strong></span> <span class='ocrx_word' id='word_1_108' title='bbox 445 1865 473 1934; x_wconf 83' lang='lat' dir='ltr'>F</span> <span class='ocrx_word' id='word_1_109' title='bbox 505 1872 654 1962; x_wconf 78' lang='grc' dir='ltr'><em>ιφρένος</em></span> <span class='ocrx_word' id='word_1_110' title='bbox 679 1862 817 1959; x_wconf 72' lang='grc' dir='ltr'><strong><em>αὐτὰρ</em></strong></span> <span class='ocrx_word' id='word_1_111' title='bbox 850 1869 1018 1936; x_wconf 54' lang='lat' dir='ltr'><strong>&amp;namot</strong></span> <span class='ocrx_word' id='word_1_112' title='bbox 1040 1861 1079 1931; x_wconf 75' lang='lat' dir='ltr'><strong>ln</strong></span> <span class='ocrx_word' id='word_1_113' title='bbox 1104 1858 1300 1950; x_wconf 62' lang='lat' dir='ltr'><strong>sturiam</strong></span> 
     </span>
     <span class='ocr_line' id='line_1_15' title="bbox 208 1961 1300 2064; baseline 0 -31"><span class='ocrx_word' id='word_1_114' title='bbox 208 1961 248 2033; x_wconf 92' lang='lat' dir='ltr'><strong>in</strong></span> <span class='ocrx_word' id='word_1_115' title='bbox 270 1987 325 2032; x_wconf 82' lang='lat' dir='ltr'><strong>vs.</strong></span> <span class='ocrx_word' id='word_1_116' title='bbox 346 1961 485 2035; x_wconf 60' lang='lat'><strong>2421?</strong></span> <span class='ocrx_word' id='word_1_117' title='bbox 516 1965 692 2064; x_wconf 65' lang='grc' dir='ltr'><strong>μάροοοθῗ</strong></span> <span class='ocrx_word' id='word_1_118' title='bbox 721 1974 758 2035; x_wconf 87' lang='lat' dir='ltr'><strong>et</strong></span> <span class='ocrx_word' id='word_1_119' title='bbox 782 1963 829 2035; x_wconf 87' lang='lat' dir='ltr'><strong>ad</strong></span> <span class='ocrx_word' id='word_1_120' title='bbox 849 1986 923 2061; x_wconf 76' lang='lat' dir='ltr'><strong>mg.</strong></span> <span class='ocrx_word' id='word_1_121' title='bbox 948 1997 1005 2061; x_wconf 65' lang='grc' dir='ltr'><strong>γρ.</strong></span> <span class='ocrx_word' id='word_1_122' title='bbox 1030 1963 1212 2062; x_wconf 64' lang='grc' dir='ltr'><em>μάρναοο’,</em></span> <span class='ocrx_word' id='word_1_123' title='bbox 1257 1964 1300 2033; x_wconf 94' lang='lat' dir='ltr'><strong>in</strong></span> 
     </span>
     <span class='ocr_line' id='line_1_16' title="bbox 209 2062 1298 2163; baseline -0.001 -28"><span class='ocrx_word' id='word_1_124' title='bbox 209 2062 453 2161; x_wconf 63' lang='lat' dir='ltr'><strong>fepadpvnac&#39;.</strong></span> <span class='ocrx_word' id='word_1_125' title='bbox 509 2064 616 2137; x_wconf 91' lang='lat' dir='ltr'><strong>Plura</strong></span> <span class='ocrx_word' id='word_1_126' title='bbox 638 2065 707 2136; x_wconf 88' lang='lat' dir='ltr'><strong>alia</strong></span> <span class='ocrx_word' id='word_1_127' title='bbox 733 2076 956 2163; x_wconf 57' lang='lat' dir='ltr'><strong>praeterens·</strong></span> <span class='ocrx_word' id='word_1_128' title='bbox 984 2066 1161 2161; x_wconf 76' lang='lat' dir='ltr'><strong>Apparuit</strong></span> <span class='ocrx_word' id='word_1_129' title='bbox 1184 2064 1298 2158; x_wconf 89' lang='lat' dir='ltr'><strong>enim,</strong></span> 
     </span>
     <span class='ocr_line' id='line_1_17' title="bbox 209 2166 1300 2265; baseline 0 -29"><span class='ocrx_word' id='word_1_130' title='bbox 209 2166 359 2262; x_wconf 82' lang='lat' dir='ltr'><strong>opinor,</strong></span> <span class='ocrx_word' id='word_1_131' title='bbox 403 2169 648 2238; x_wconf 84' lang='lat' dir='ltr'><strong>necessitatem</strong></span> <span class='ocrx_word' id='word_1_132' title='bbox 674 2167 763 2238; x_wconf 91' lang='lat' dir='ltr'><strong>mihi</strong></span> <span class='ocrx_word' id='word_1_133' title='bbox 789 2167 989 2265; x_wconf 86' lang='lat' dir='ltr'><strong>impositam</strong></span> <span class='ocrx_word' id='word_1_134' title='bbox 1013 2166 1150 2257; x_wconf 77' lang='lat' dir='ltr'><strong>titisse,</strong></span> <span class='ocrx_word' id='word_1_135' title='bbox 1194 2190 1300 2238; x_wconf 90' lang='lat' dir='ltr'><strong>aecu-</strong></span> 
     </span>
     <span class='ocr_line' id='line_1_18' title="bbox 209 2267 1300 2365; baseline -0.001 -25"><span class='ocrx_word' id='word_1_136' title='bbox 209 2280 284 2340; x_wconf 91' lang='lat' dir='ltr'><strong>rate</strong></span> <span class='ocrx_word' id='word_1_137' title='bbox 305 2293 449 2363; x_wconf 86' lang='lat' dir='ltr'><strong>semper</strong></span> <span class='ocrx_word' id='word_1_138' title='bbox 470 2281 505 2339; x_wconf 86' lang='lat' dir='ltr'><strong>et</strong></span> <span class='ocrx_word' id='word_1_139' title='bbox 530 2293 576 2339; x_wconf 87' lang='lat' dir='ltr'><strong>ex</strong></span> <span class='ocrx_word' id='word_1_140' title='bbox 599 2268 806 2365; x_wconf 79' lang='lat' dir='ltr'><strong>paraphrasi</strong></span> <span class='ocrx_word' id='word_1_141' title='bbox 832 2280 867 2339; x_wconf 91' lang='lat' dir='ltr'><strong>et</strong></span> <span class='ocrx_word' id='word_1_142' title='bbox 898 2276 955 2339; x_wconf 70' lang='lat' dir='ltr'><strong>es</strong></span> <span class='ocrx_word' id='word_1_143' title='bbox 976 2268 1076 2339; x_wconf 84' lang='lat' dir='ltr'><strong>textu</strong></span> <span class='ocrx_word' id='word_1_144' title='bbox 1090 2267 1300 2363; x_wconf 56' lang='lat' dir='ltr'><strong>‘se&#39;ripturae</strong></span> 
     </span>
     <span class='ocr_line' id='line_1_19' title="bbox 209 2368 1300 2466; baseline -0.001 -26"><span class='ocrx_word' id='word_1_145' title='bbox 209 2368 480 2464; x_wconf 74' lang='lat' dir='ltr'><strong>discrepantiam</strong></span> <span class='ocrx_word' id='word_1_146' title='bbox 520 2368 701 2440; x_wconf 83' lang='lat' dir='ltr'><strong>enatandi.</strong></span> <span class='ocrx_word' id='word_1_147' title='bbox 780 2371 945 2441; x_wconf 83' lang='lat' dir='ltr'><strong>Ceterum</strong></span> <span class='ocrx_word' id='word_1_148' title='bbox 982 2394 1187 2466; x_wconf 66' lang='lat' dir='ltr'><strong>quenquam</strong></span> <span class='ocrx_word' id='word_1_149' title='bbox 1228 2369 1300 2439; x_wconf 90' lang='lat' dir='ltr'><strong>iam</strong></span> 
     </span>
    </p>
   </div>
   <div class='ocr_carea' id='block_1_7' title="bbox 102 2468 1300 2569">
    <p class='ocr_par' dir='ltr' id='par_1_7' title="bbox 102 2468 1300 2569">
     <span class='ocr_line' id='line_1_20' title="bbox 102 2468 1300 2569; baseline -0.007 -22"><span class='ocrx_word' id='word_1_150' title='bbox 102 2540 104 2547; x_wconf 80' lang='grc'>,</span> <span class='ocrx_word' id='word_1_151' title='bbox 208 2472 347 2561; x_wconf 74' lang='lat' dir='ltr'><strong>moneri,</strong></span> <span class='ocrx_word' id='word_1_152' title='bbox 366 2472 520 2568; x_wconf 68' lang='lat' dir='ltr'><strong>pretium</strong></span> <span class='ocrx_word' id='word_1_153' title='bbox 538 2471 880 2566; x_wconf 85' lang='lat' dir='ltr'><strong>paraphrastieornm</strong></span> <span class='ocrx_word' id='word_1_154' title='bbox 897 2468 1113 2543; x_wconf 79' lang='lat' dir='ltr'><strong>scholiorum</strong></span> <span class='ocrx_word' id='word_1_155' title='bbox 1126 2496 1300 2569; x_wconf 80' lang='lat' dir='ltr'><strong>magnum</strong></span> 
     </span>
    </p>
   </div>
   <div class='ocr_carea' id='block_1_8' title="bbox 206 2571 1303 4600">
    <p class='ocr_par' dir='ltr' id='par_1_8' title="bbox 206 2571 1303 3355">
     <span class='ocr_line' id='line_1_21' title="bbox 210 2571 1303 2669; baseline -0.002 -25"><span class='ocrx_word' id='word_1_156' title='bbox 210 2598 284 2644; x_wconf 90' lang='lat' dir='ltr'><strong>non</strong></span> <span class='ocrx_word' id='word_1_157' title='bbox 311 2594 414 2664; x_wconf 79' lang='lat' dir='ltr'><strong>esse,¹</strong></span> <span class='ocrx_word' id='word_1_158' title='bbox 449 2584 577 2645; x_wconf 84' lang='lat' dir='ltr'><strong>tamen</strong></span> <span class='ocrx_word' id='word_1_159' title='bbox 609 2572 700 2645; x_wconf 89' lang='lat' dir='ltr'><strong>illud</strong></span> <span class='ocrx_word' id='word_1_160' title='bbox 731 2571 837 2645; x_wconf 90' lang='lat' dir='ltr'><strong>nobis</strong></span> <span class='ocrx_word' id='word_1_161' title='bbox 867 2583 1066 2669; x_wconf 83' lang='lat' dir='ltr'><strong>praestant,</strong></span> <span class='ocrx_word' id='word_1_162' title='bbox 1114 2583 1157 2642; x_wconf 88' lang='lat' dir='ltr'><strong>nt</strong></span> <span class='ocrx_word' id='word_1_163' title='bbox 1181 2571 1303 2669; x_wconf 85' lang='lat' dir='ltr'><strong>qualis</strong></span> 
     </span>
     <span class='ocr_line' id='line_1_22' title="bbox 209 2671 1300 2772; baseline -0.004 -25"><span class='ocrx_word' id='word_1_164' title='bbox 209 2685 328 2747; x_wconf 87' lang='lat' dir='ltr'><strong>textus</strong></span> <span class='ocrx_word' id='word_1_165' title='bbox 346 2674 461 2746; x_wconf 73' lang='lat' dir='ltr'><strong>forma</strong></span> <span class='ocrx_word' id='word_1_166' title='bbox 481 2674 541 2745; x_wconf 91' lang='lat' dir='ltr'><strong>illa</strong></span> <span class='ocrx_word' id='word_1_167' title='bbox 555 2676 731 2747; x_wconf 81' lang='lat' dir='ltr'><strong>exstiterit</strong></span> <span class='ocrx_word' id='word_1_168' title='bbox 750 2686 863 2747; x_wconf 87' lang='lat' dir='ltr'><strong>aetate</strong></span> <span class='ocrx_word' id='word_1_169' title='bbox 876 2683 913 2746; x_wconf 87' lang='lat' dir='ltr'><strong>et</strong></span> <span class='ocrx_word' id='word_1_170' title='bbox 934 2699 1007 2772; x_wconf 91' lang='lat' dir='ltr'><strong>quo</strong></span> <span class='ocrx_word' id='word_1_171' title='bbox 1031 2671 1137 2744; x_wconf 76' lang='lat' dir='ltr'><strong>morlo</strong></span> <span class='ocrx_word' id='word_1_172' title='bbox 1155 2698 1300 2745; x_wconf 87' lang='lat' dir='ltr'><strong>carmen</strong></span> 
     </span>
     <span class='ocr_line' id='line_1_23' title="bbox 209 2772 1300 2873; baseline -0.003 -25"><span class='ocrx_word' id='word_1_173' title='bbox 209 2775 430 2848; x_wconf 85' lang='lat' dir='ltr'><strong>intellectum</strong></span> <span class='ocrx_word' id='word_1_174' title='bbox 461 2777 571 2847; x_wconf 83' lang='lat' dir='ltr'><strong>luerit</strong></span> <span class='ocrx_word' id='word_1_175' title='bbox 601 2774 744 2873; x_wconf 86' lang='lat' dir='ltr'><strong>plenius</strong></span> <span class='ocrx_word' id='word_1_176' title='bbox 770 2778 874 2849; x_wconf 89' lang='lat' dir='ltr'><strong>etiam</strong></span> <span class='ocrx_word' id='word_1_177' title='bbox 907 2787 1015 2873; x_wconf 89' lang='lat' dir='ltr'><strong>etque</strong></span> <span class='ocrx_word' id='word_1_178' title='bbox 1046 2772 1300 2867; x_wconf 86' lang='lat' dir='ltr'><strong>indubitatius,</strong></span> 
     </span>
     <span class='ocr_line' id='line_1_24' title="bbox 210 2874 1301 2977; baseline -0.002 -27"><span class='ocrx_word' id='word_1_179' title='bbox 210 2904 315 2977; x_wconf 83' lang='lat' dir='ltr'><strong>quam</strong></span> <span class='ocrx_word' id='word_1_180' title='bbox 337 2904 382 2948; x_wconf 84' lang='lat' dir='ltr'><strong>ex</strong></span> <span class='ocrx_word' id='word_1_181' title='bbox 407 2877 561 2976; x_wconf 79' lang='lat' dir='ltr'><strong>singulis</strong></span> <span class='ocrx_word' id='word_1_182' title='bbox 581 2877 765 2950; x_wconf 84' lang='lat' dir='ltr'><strong>codicibus</strong></span> <span class='ocrx_word' id='word_1_183' title='bbox 786 2874 1056 2975; x_wconf 85' lang='lat' dir='ltr'><strong>cognoscamus.</strong></span> <span class='ocrx_word' id='word_1_184' title='bbox 1112 2878 1301 2948; x_wconf 84' lang='lat' dir='ltr'><strong>Praeterea</strong></span> 
     </span>
     <span class='ocr_line' id='line_1_25' title="bbox 208 2977 1296 3076; baseline -0.003 -26"><span class='ocrx_word' id='word_1_185' title='bbox 208 3005 282 3050; x_wconf 93' lang='lat' dir='ltr'><strong>uno</strong></span> <span class='ocrx_word' id='word_1_186' title='bbox 317 2992 412 3052; x_wconf 88' lang='lat' dir='ltr'><strong>certe</strong></span> <span class='ocrx_word' id='word_1_187' title='bbox 444 2982 481 3050; x_wconf 93' lang='lat' dir='ltr'><strong>in</strong></span> <span class='ocrx_word' id='word_1_188' title='bbox 515 2979 591 3052; x_wconf 89' lang='lat' dir='ltr'><strong>loco</strong></span> <span class='ocrx_word' id='word_1_189' title='bbox 629 3006 748 3051; x_wconf 87' lang='lat' dir='ltr'><strong>veram</strong></span> <span class='ocrx_word' id='word_1_190' title='bbox 774 2981 986 3076; x_wconf 87' lang='lat' dir='ltr'><strong>scripturam</strong></span> <span class='ocrx_word' id='word_1_191' title='bbox 1013 2979 1188 3068; x_wconf 83' lang='lat' dir='ltr'><strong>servavit,</strong></span> <span class='ocrx_word' id='word_1_192' title='bbox 1227 2977 1296 3049; x_wconf 78' lang='lat' dir='ltr'><strong>et&#39;r.</strong></span> 
     </span>
     <span class='ocr_line' id='line_1_26' title="bbox 208 3077 1303 3178; baseline -0.002 -26"><span class='ocrx_word' id='word_1_193' title='bbox 208 3106 311 3176; x_wconf 89' lang='lat' dir='ltr'><strong>supr.</strong></span> <span class='ocrx_word' id='word_1_194' title='bbox 347 3107 385 3177; x_wconf 88' lang='lat' dir='ltr'><strong>p.</strong></span> <span class='ocrx_word' id='word_1_195' title='bbox 406 3077 502 3152; x_wconf 73' lang='grc'><strong>248.</strong></span> <span class='ocrx_word' id='word_1_196' title='bbox 568 3081 764 3178; x_wconf 83' lang='lat' dir='ltr'><strong>Operosam</strong></span> <span class='ocrx_word' id='word_1_197' title='bbox 796 3107 881 3153; x_wconf 88' lang='lat' dir='ltr'><strong>vero</strong></span> <span class='ocrx_word' id='word_1_198' title='bbox 918 3078 961 3149; x_wconf 89' lang='lat' dir='ltr'><strong>de</strong></span> <span class='ocrx_word' id='word_1_199' title='bbox 995 3082 1122 3170; x_wconf 88' lang='lat' dir='ltr'><strong>annis,</strong></span> <span class='ocrx_word' id='word_1_200' title='bbox 1167 3077 1303 3177; x_wconf 89' lang='lat' dir='ltr'><strong>quibus</strong></span> 
     </span>
     <span class='ocr_line' id='line_1_27' title="bbox 206 3180 1302 3280; baseline -0.001 -28"><span class='ocrx_word' id='word_1_201' title='bbox 206 3180 435 3278; x_wconf 86' lang='lat' dir='ltr'><strong>paraphrasis</strong></span> <span class='ocrx_word' id='word_1_202' title='bbox 457 3185 677 3280; x_wconf 86' lang='lat' dir='ltr'><strong>scriptasit,</strong></span> <span class='ocrx_word' id='word_1_203' title='bbox 714 3186 902 3257; x_wconf 83' lang='lat' dir='ltr'><strong>instituere</strong></span> <span class='ocrx_word' id='word_1_204' title='bbox 923 3183 1190 3279; x_wconf 85' lang='lat' dir='ltr'><strong>quaestionem,</strong></span> <span class='ocrx_word' id='word_1_205' title='bbox 1225 3205 1302 3253; x_wconf 91' lang='lat' dir='ltr'><strong>non</strong></span> 
     </span>
     <span class='ocr_line' id='line_1_28' title="bbox 207 3307 461 3355; baseline 0.004 -1"><span class='ocrx_word' id='word_1_206' title='bbox 207 3307 461 3355; x_wconf 75' lang='lat' dir='ltr'><strong>neeessarrum.</strong></span> 
     </span>
    </p>

    <p class='ocr_par' dir='ltr' id='par_1_9' title="bbox 206 3380 1302 4600">
     <span class='ocr_line' id='line_1_29' title="bbox 308 3380 1302 3485; baseline 0.008 -31"><span class='ocrx_word' id='word_1_207' title='bbox 308 3385 522 3458; x_wconf 80' lang='lat' dir='ltr'><strong>Accedimus</strong></span> <span class='ocrx_word' id='word_1_208' title='bbox 556 3386 670 3485; x_wconf 83' lang='lat' dir='ltr'><strong>igitur</strong></span> <span class='ocrx_word' id='word_1_209' title='bbox 710 3380 756 3457; x_wconf 89' lang='lat' dir='ltr'><strong>ad</strong></span> <span class='ocrx_word' id='word_1_210' title='bbox 792 3384 1209 3481; x_wconf 83' lang='lat' dir='ltr'><strong>scholia&#39;Diaconoa,</strong></span> <span class='ocrx_word' id='word_1_211' title='bbox 1254 3385 1302 3462; x_wconf 87' lang='lat' dir='ltr'><strong>de</strong></span> 
     </span>
     <span class='ocr_line' id='line_1_30' title="bbox 207 3484 1300 3586; baseline 0.005 -29"><span class='ocrx_word' id='word_1_212' title='bbox 207 3484 349 3586; x_wconf 86' lang='lat' dir='ltr'><strong>quibus.</strong></span> <span class='ocrx_word' id='word_1_213' title='bbox 366 3485 579 3586; x_wconf 81' lang='lat' dir='ltr'><strong>disputaturi</strong></span> <span class='ocrx_word' id='word_1_214' title='bbox 604 3489 733 3558; x_wconf 91' lang='lat' dir='ltr'><strong>iterum</strong></span> <span class='ocrx_word' id='word_1_215' title='bbox 748 3487 993 3562; x_wconf 81' lang='lat' dir='ltr'><strong>llluetaellium</strong></span> <span class='ocrx_word' id='word_1_216' title='bbox 1014 3486 1175 3562; x_wconf 84' lang='lat' dir='ltr'><strong>veterum</strong></span> <span class='ocrx_word' id='word_1_217' title='bbox 1201 3514 1300 3563; x_wconf 88' lang='lat' dir='ltr'><strong>erro·</strong></span> 
     </span>
     <span class='ocr_line' id='line_1_31' title="bbox 207 3588 1302 3690; baseline 0.001 -30"><span class='ocrx_word' id='word_1_218' title='bbox 207 3615 287 3660; x_wconf 91' lang='lat' dir='ltr'><strong>rum</strong></span> <span class='ocrx_word' id='word_1_219' title='bbox 312 3591 566 3686; x_wconf 82' lang='lat' dir='ltr'><strong>exagitatorem</strong></span> <span class='ocrx_word' id='word_1_220' title='bbox 601 3615 674 3660; x_wconf 91' lang='lat' dir='ltr'><strong>non</strong></span> <span class='ocrx_word' id='word_1_221' title='bbox 705 3588 886 3661; x_wconf 78' lang='lat' dir='ltr'><strong>infelicem</strong></span> <span class='ocrx_word' id='word_1_222' title='bbox 919 3594 1189 3690; x_wconf 82' lang='lat' dir='ltr'><strong>cognoscimus,</strong></span> <span class='ocrx_word' id='word_1_223' title='bbox 1233 3591 1302 3688; x_wconf 88' lang='lat' dir='ltr'><strong>qui</strong></span> 
     </span>
     <span class='ocr_line' id='line_1_32' title="bbox 206 3688 1302 3789; baseline 0.003 -29"><span class='ocrx_word' id='word_1_224' title='bbox 206 3692 344 3787; x_wconf 88' lang='lat' dir='ltr'><strong>primus</strong></span> <span class='ocrx_word' id='word_1_225' title='bbox 372 3688 550 3763; x_wconf 87' lang='lat' dir='ltr'><strong>Lamhecii</strong></span> <span class='ocrx_word' id='word_1_226' title='bbox 584 3692 772 3785; x_wconf 88' lang='lat' dir='ltr'><strong>opiniones</strong></span> <span class='ocrx_word' id='word_1_227' title='bbox 807 3701 940 3765; x_wconf 86' lang='lat' dir='ltr'><strong>temere</strong></span> <span class='ocrx_word' id='word_1_228' title='bbox 975 3691 1088 3765; x_wconf 15' lang='lat' dir='ltr'><strong>eti-ah</strong></span> <span class='ocrx_word' id='word_1_229' title='bbox 1113 3694 1192 3789; x_wconf 91' lang='lat' dir='ltr'><strong>ipso</strong></span> <span class='ocrx_word' id='word_1_230' title='bbox 1217 3696 1302 3789; x_wconf 88' lang='lat' dir='ltr'><strong>pro·</strong></span> 
     </span>
     <span class='ocr_line' id='line_1_33' title="bbox 207 3791 1296 3889; baseline 0.005 -28"><span class='ocrx_word' id='word_1_231' title='bbox 207 3792 386 3862; x_wconf 86' lang='lat' dir='ltr'><strong>nuntiatus</strong></span> <span class='ocrx_word' id='word_1_232' title='bbox 398 3802 434 3864; x_wconf 94' lang='lat' dir='ltr'><strong>et</strong></span> <span class='ocrx_word' id='word_1_233' title='bbox 448 3818 468 3863; x_wconf 93' lang='lat' dir='ltr'><strong>a</strong></span> <span class='ocrx_word' id='word_1_234' title='bbox 489 3793 571 3864; x_wconf 87' lang='lat' dir='ltr'><strong>viris</strong></span> <span class='ocrx_word' id='word_1_235' title='bbox 585 3791 698 3863; x_wconf 84' lang='lat' dir='ltr'><strong>doctis</strong></span> <span class='ocrx_word' id='word_1_236' title='bbox 713 3791 879 3889; x_wconf 88' lang='lat' dir='ltr'><strong>probatas</strong></span> <span class='ocrx_word' id='word_1_237' title='bbox 896 3793 1081 3884; x_wconf 84' lang='lat' dir='ltr'><strong>refutavit,</strong></span> <span class='ocrx_word' id='word_1_238' title='bbox 1094 3794 1138 3866; x_wconf 76' lang='lat' dir='ltr'><strong>ale</strong></span> <span class='ocrx_word' id='word_1_239' title='bbox 1155 3792 1296 3866; x_wconf 81' lang='lat' dir='ltr'><strong>emend.</strong></span> 
     </span>
     <span class='ocr_line' id='line_1_34' title="bbox 208 3890 1300 3991; baseline 0.002 -27"><span class='ocrx_word' id='word_1_240' title='bbox 208 3890 348 3991; x_wconf 84' lang='lat' dir='ltr'><strong>Theog.</strong></span> <span class='ocrx_word' id='word_1_241' title='bbox 377 3919 414 3988; x_wconf 91' lang='lat' dir='ltr'><strong>p.</strong></span> <span class='ocrx_word' id='word_1_242' title='bbox 436 3890 528 3964; x_wconf 82' lang='grc'><strong>295.</strong></span> <span class='ocrx_word' id='word_1_243' title='bbox 588 3895 682 3966; x_wconf 88' lang='lat' dir='ltr'><strong>Huic</strong></span> <span class='ocrx_word' id='word_1_244' title='bbox 714 3896 827 3991; x_wconf 80' lang='lat' dir='ltr'><strong>igitur</strong></span> <span class='ocrx_word' id='word_1_245' title='bbox 861 3895 988 3967; x_wconf 89' lang='lat' dir='ltr'><strong>conlisi</strong></span> <span class='ocrx_word' id='word_1_246' title='bbox 1014 3898 1184 3969; x_wconf 91' lang='lat' dir='ltr'><strong>loannem</strong></span> <span class='ocrx_word' id='word_1_247' title='bbox 1212 3895 1300 3966; x_wconf 87' lang='lat' dir='ltr'><strong>Dia·</strong></span> 
     </span>
     <span class='ocr_line' id='line_1_35' title="bbox 207 3993 1302 4098; baseline 0.005 -34"><span class='ocrx_word' id='word_1_248' title='bbox 207 4018 336 4064; x_wconf 89' lang='lat' dir='ltr'><strong>conum</strong></span> <span class='ocrx_word' id='word_1_249' title='bbox 354 3993 553 4086; x_wconf 88' lang='lat' dir='ltr'><strong>Galenum,</strong></span> <span class='ocrx_word' id='word_1_250' title='bbox 587 3993 852 4094; x_wconf 77' lang='lat' dir='ltr'><strong>Allegoriarum</strong></span> <span class='ocrx_word' id='word_1_251' title='bbox 880 3995 942 4098; x_wconf 72' lang='grc' dir='ltr'><strong>(εἰς</strong></span> <span class='ocrx_word' id='word_1_252' title='bbox 962 3999 1024 4088; x_wconf 80' lang='grc' dir='ltr'><strong>τὴν</strong></span> <span class='ocrx_word' id='word_1_253' title='bbox 1048 4009 1109 4072; x_wconf 84' lang='grc' dir='ltr'><strong>τοῦ</strong></span> <span class='ocrx_word' id='word_1_254' title='bbox 1130 3999 1302 4071; x_wconf 81' lang='grc' dir='ltr'><em>Ἡσιόδου</em></span> 
     </span>
     <span class='ocr_line' id='line_1_36' title="bbox 211 4096 1302 4197; baseline 0.004 -31"><span class='ocrx_word' id='word_1_255' title='bbox 211 4102 391 4187; x_wconf 70' lang='grc' dir='ltr'><em>Θεογονίαν</em></span> <span class='ocrx_word' id='word_1_256' title='bbox 419 4096 651 4196; x_wconf 64' lang='grc' dir='ltr'><strong>Ἀλληγορίοι)</strong></span> <span class='ocrx_word' id='word_1_257' title='bbox 687 4109 868 4168; x_wconf 86' lang='lat' dir='ltr'><strong>auctorem</strong></span> <span class='ocrx_word' id='word_1_258' title='bbox 904 4097 949 4170; x_wconf 88' lang='lat' dir='ltr'><strong>ab</strong></span> <span class='ocrx_word' id='word_1_259' title='bbox 993 4103 1057 4170; x_wconf 90' lang='lat' dir='ltr'><strong>hac</strong></span> <span class='ocrx_word' id='word_1_260' title='bbox 1090 4099 1302 4197; x_wconf 88' lang='lat' dir='ltr'><strong>quaestione</strong></span> 
     </span>
     <span class='ocr_line' id='line_1_37' title="bbox 207 4197 1299 4297; baseline 0.005 -34"><span class='ocrx_word' id='word_1_261' title='bbox 207 4220 354 4290; x_wconf 92' lang='lat' dir='ltr'><strong>prorsus</strong></span> <span class='ocrx_word' id='word_1_262' title='bbox 385 4200 632 4295; x_wconf 83' lang='lat' dir='ltr'><strong>seiungimns,</strong></span> <span class='ocrx_word' id='word_1_263' title='bbox 669 4225 776 4297; x_wconf 85' lang='lat' dir='ltr'><strong>quem</strong></span> <span class='ocrx_word' id='word_1_264' title='bbox 810 4198 989 4271; x_wconf 85' lang='lat' dir='ltr'><strong>diversum</strong></span> <span class='ocrx_word' id='word_1_265' title='bbox 1024 4201 1136 4271; x_wconf 78' lang='lat' dir='ltr'><strong>fnisse</strong></span> <span class='ocrx_word' id='word_1_266' title='bbox 1170 4197 1214 4270; x_wconf 93' lang='lat' dir='ltr'><strong>ab</strong></span> <span class='ocrx_word' id='word_1_267' title='bbox 1241 4198 1299 4268; x_wconf 88' lang='lat' dir='ltr'><strong>lo.</strong></span> 
     </span>
     <span class='ocr_line' id='line_1_38' title="bbox 209 4295 1301 4399; baseline 0.005 -34"><span class='ocrx_word' id='word_1_268' title='bbox 209 4295 368 4369; x_wconf 85' lang='lat' dir='ltr'><strong>Diacono</strong></span> <span class='ocrx_word' id='word_1_269' title='bbox 396 4300 621 4390; x_wconf 82' lang='lat' dir='ltr'><strong>Pediasirno,</strong></span> <span class='ocrx_word' id='word_1_270' title='bbox 670 4299 754 4372; x_wconf 89' lang='lat' dir='ltr'><strong>inde</strong></span> <span class='ocrx_word' id='word_1_271' title='bbox 780 4303 950 4398; x_wconf 83' lang='lat' dir='ltr'><strong>cognosci</strong></span> <span class='ocrx_word' id='word_1_272' title='bbox 982 4300 1210 4399; x_wconf 85' lang='lat' dir='ltr'><strong>intelligique</strong></span> <span class='ocrx_word' id='word_1_273' title='bbox 1235 4314 1301 4396; x_wconf 90' lang='lat' dir='ltr'><strong>po·</strong></span> 
     </span>
     <span class='ocr_line' id='line_1_39' title="bbox 208 4400 1302 4494; baseline 0.001 -24"><span class='ocrx_word' id='word_1_274' title='bbox 208 4406 318 4486; x_wconf 86' lang='lat' dir='ltr'><strong>terat,</strong></span> <span class='ocrx_word' id='word_1_275' title='bbox 358 4400 456 4494; x_wconf 85' lang='lat' dir='ltr'><strong>qnod</strong></span> <span class='ocrx_word' id='word_1_276' title='bbox 482 4401 700 4490; x_wconf 79' lang='lat' dir='ltr'><strong>&#39;l&#39;rielinins,</strong></span> <span class='ocrx_word' id='word_1_277' title='bbox 749 4407 815 4473; x_wconf 89' lang='lat' dir='ltr'><strong>hac</strong></span> <span class='ocrx_word' id='word_1_278' title='bbox 844 4415 940 4474; x_wconf 88' lang='lat' dir='ltr'><strong>certe</strong></span> <span class='ocrx_word' id='word_1_279' title='bbox 973 4406 1012 4475; x_wconf 91' lang='lat' dir='ltr'><strong>in</strong></span> <span class='ocrx_word' id='word_1_280' title='bbox 1045 4427 1171 4475; x_wconf 89' lang='lat' dir='ltr'><strong>caussa</strong></span> <span class='ocrx_word' id='word_1_281' title='bbox 1200 4400 1302 4471; x_wconf 85' lang='lat' dir='ltr'><strong>loeu-</strong></span> 
     </span>
     <span class='ocr_line' id='line_1_40' title="bbox 207 4497 1302 4600; baseline 0.001 -28"><span class='ocrx_word' id='word_1_282' title='bbox 207 4497 426 4598; x_wconf 86' lang='lat' dir='ltr'><strong>pletissimus</strong></span> <span class='ocrx_word' id='word_1_283' title='bbox 459 4505 581 4597; x_wconf 88' lang='lat' dir='ltr'><strong>testis,</strong></span> <span class='ocrx_word' id='word_1_284' title='bbox 629 4502 779 4577; x_wconf 88' lang='lat' dir='ltr'><strong>alterum</strong></span> <span class='ocrx_word' id='word_1_285' title='bbox 812 4502 1012 4600; x_wconf 74' lang='lat' dir='ltr'><strong>Galenm,</strong></span> <span class='ocrx_word' id='word_1_286' title='bbox 1061 4502 1302 4577; x_wconf 85' lang='lat' dir='ltr'><strong>Pediasimum</strong></span> 
     </span>
    </p>
   </div>
   <div class='ocr_carea' id='block_1_9' title="bbox 0 0 1528 5264">
    <p class='ocr_par' dir='ltr' id='par_1_10' title="bbox 0 0 1528 5264">
     <span class='ocr_line' id='line_1_41' title="bbox 0 0 1528 5264; baseline 0 0"><span class='ocrx_word' id='word_1_287' title='bbox 0 0 1528 5264; x_wconf 95' lang='lat' dir='ltr'><strong> </strong></span> 
     </span>
    </p>
   </div>
  </div>
 </body>
</html>
