3044 5264
543 422 772 502 CARMINIS
806 422 962 502 omno.
1219 418 1299 496 act

213 634 336 734 gistris
361 634 458 722 sois,
507 657 660 731 quornm
695 631 816 705 divino
852 631 971 704 asslntu
999 628 1155 728 perculsi
1179 639 1296 721 crant,

212 733 417 832 pendebant
441 735 527 825 toti,
567 760 633 806 nee
658 736 690 806 si
716 731 929 829 cupiebant,
969 734 1060 805 solvi
1085 731 1130 803 ab
1156 733 1200 804 iis
1227 732 1303 804 dio

212 838 387 933 iungique
411 846 583 932 poterant
640 835 693 908 lta
719 848 909 907 centonum
933 837 1087 930 speciem
1109 833 1196 906 lraee
1222 859 1299 905 ear·

212 939 308 1008 mina
332 938 525 1032 praebent,
575 961 620 1008 ex
646 938 754 1007 variis
785 935 873 1008 locis
898 937 1139 1033 antiquiorum
1172 936 1299 1007 carmi·

212 1064 299 1109 num
337 1051 583 1110 consutorum.
651 1038 803 1124 Ἀοιδούς
843 1035 931 1109 tales
969 1036 1135 1137 homines·
1173 1047 1304 1111 iecora

213 1141 295 1237 quis
320 1137 436 1210 ausiti
487 1140 537 1210 Hi
570 1138 663 1211 enim
691 1146 838 1213 Μουσῶν
868 1149 954 1209 sunt
977 1139 1127 1232 κάτοχοι,
1167 1135 1222 1208 illi
1254 1163 1302 1213 cx

215 1242 370 1312 Homero
396 1241 497 1337 apti,
515 1239 578 1311 sed
604 1266 736 1337 quum,
763 1251 803 1310 ut
823 1238 1051 1310 Hermannns
1076 1241 1144 1326 ait,
1177 1237 1295 1335 Orpb.

213 1369 252 1440 p.
276 1338 375 1432 687,
430 1341 651 1438 praeclarum
682 1339 882 1436 exemplum
920 1352 1014 1413 recte
1040 1341 1144 1439 sequi
1174 1350 1300 1413 eornm

214 1445 262 1514 sit
296 1455 454 1532 tantum,
517 1445 580 1540 qui
616 1443 685 1539 ipsi
729 1443 768 1514 in
810 1440 981 1537 exemplis
1025 1468 1103 1514 esse
1143 1443 1297 1538 possint,

214 1571 288 1615 non
321 1541 520 1619 mirandum
561 1555 636 1633 est,
687 1543 717 1614 si
755 1542 902 1614 Homeri
946 1544 1071 1638 poesin
1112 1568 1186 1613 non
1228 1555 1316 1615 tant¹

214 1647 360 1736 imitari,
390 1670 495 1741 quam
522 1669 749 1739 corrumpere
772 1655 810 1714 et
834 1643 1064 1740 pessumdare
1088 1653 1298 1739 potueruut.

215 1744 336 1839 Quare
361 1745 445 1816 licet
471 1757 609 1841 poetam
642 1746 759 1840 ipsum
785 1746 1013 1844 ignoremus,
1065 1742 1154 1815 illud
1181 1756 1300 1816 tamen

216 1848 365 1919 sortasse
412 1845 576 1917 affirmari
622 1848 775 1942 poterit,
844 1871 925 1917 eum
975 1844 1299 1941 rhapsodorum

214 1973 365 2020 numero
390 1945 662 2019 adscribendum
696 1972 795 2038 essa,
844 1959 950 2045 atque
981 1970 1102 2019 eorum
1136 1942 1301 2043 quidem,

216 2051 248 2119 si
275 2050 347 2146 qui·
365 2049 533 2139 fuerunt,
577 2051 640 2146 qui
665 2045 881 2120 carminibus
908 2074 979 2120 non
1006 2045 1120 2118 solum
1147 2049 1298 2118 recitan-

217 2149 287 2240 dis,
312 2149 374 2221 sed
402 2151 505 2221 etiarn
532 2148 785 2247 cornponendis
811 2175 883 2220 non
902 2149 1094 2221 infeliciter
1113 2157 1296 2220 vacarunt.

317 2251 436 2322 Facile
463 2253 568 2322 etiam
601 2275 658 2322 me
688 2249 859 2321 deterreri
889 2251 1007 2346 patior
1038 2247 1082 2320 ab
1118 2274 1157 2321 aa
1191 2273 1299 2345 quaa·

217 2353 353 2443 stione,
399 2377 489 2449 quae
524 2364 580 2423 est
614 2350 658 2423 de
692 2376 788 2422 nexu
823 2353 989 2423 carminis
1025 2349 1170 2422 nostri
1201 2374 1301 2423 cum

216 2451 322 2525 aliis
348 2453 496 2548 iisque
521 2477 638 2522 nnnc
663 2450 854 2545 perditis
879 2452 1165 2539 carminibus,
1192 2449 1296 2521 Her·-

218 2552 335 2624 culis
359 2577 427 2622 res
455 2553 679 2648 vitamque
713 2552 1054 2640 enarrantibus,
1103 2574 1194 2649 quae
1230 2551 1299 2622 siri

218 2652 313 2724 docti
349 2651 526 2724 interdum
559 2653 736 2725 exstitisse
767 2652 936 2748 suspicati
970 2661 1069 2723 sunt.
1131 2649 1301 2745 Speciosa

218 2780 276 2826 res
303 2764 375 2844 est,
417 2753 544 2825 fateor.
608 2752 700 2825 Nam
728 2754 792 2851 qui
816 2755 969 2849 priorem
994 2752 1160 2825 carminis
1187 2747 1301 2823 nostri

218 2866 355 2955 partem
382 2880 401 2925 a
427 2855 623 2950 posteriore
648 2853 840 2952 disiungit,
890 2863 927 2925 et
956 2879 977 2924 a
1010 2879 1064 2925 vs.
1081 2848 1133 2922 57
1169 2876 1300 2924 novum

220 2982 362 3029 carmen
390 2954 544 3028 exordiri
559 2965 673 3052 putat,
710 2954 797 3027 baec
821 2953 1012 3054 aliquando
1030 2980 1110 3026 cnm
1128 2955 1208 3026 aliis
1224 2978 1300 3026 car·

219 3056 377 3130 minibus
393 3059 511 3129 iuncta
527 3057 639 3129 fnisse
653 3055 757 3130 laeile
772 3069 901 3130 sumet.
937 3055 1099 3152 Abrupta
1114 3056 1207 3126 eninr
1225 3055 1300 3152 ple·

219 3185 331 3257 reque
356 3169 441 3230 sunt
464 3170 498 3230 et
520 3160 597 3231 sinc
623 3160 714 3230 insta
741 3159 792 3230 rei
815 3159 1080 3255 praeparatione
1100 3156 1193 3228 susa.
1247 3156 1302 3227 lta
1333 3236 1339 3248 κ

220 3262 427 3358 particulam
461 3259 580 3356 legere
615 3258 685 3331 sibi
716 3259 830 3331 videri
868 3260 982 3354 possit
1014 3257 1144 3357 aliquis
1181 3258 1301 3355 magni

220 3360 371 3432 alicuius
397 3362 584 3452 carminis,
638 3363 740 3433 cuius
769 3359 928 3458 reliquae
958 3370 1076 3457 partes
1102 3370 1301 3456 temporum

222 3461 374 3533 decursu
401 3487 444 3533 ex
467 3463 634 3532 memoria
649 3461 922 3559 Rbnpsodorum
944 3460 1174 3533 defluxerint.
1229 3456 1301 3532 Sed

222 3562 317 3660 apud
342 3574 479 3636 veteres
503 3574 598 3634 certe
623 3563 731 3634 buius
756 3565 809 3634 rei
834 3562 955 3634 nullus
982 3587 1124 3655 rumor3
1158 3585 1302 3634 carmen

221 3666 318 3738 enirn
344 3663 387 3736 de
414 3663 579 3736 llercnlis
602 3667 674 3736 vita
709 3663 869 3754 nullum,
918 3664 1021 3735 euius
1046 3663 1178 3736 mentio
1204 3658 1301 3757 apud

222 3790 284 3838 eos
309 3766 439 3837 iniecta
464 3768 531 3857 sit,
568 3765 965 3864 Pisandro-antiquius,
992 3763 1059 3838 eir.
1080 3762 1199 3837 Strab.
1212 3761 1300 3852 XV,

221 3861 473 3964 p.100913.;
522 3890 638 3965 neque
660 3865 918 3964 Aristophanes
937 3867 1148 3964 Byzantius,
1186 3886 1302 3961 neque

223 3968 412 4064 qnisquam
444 3975 603 4040 veterum
640 3967 769 4041 similia
807 3979 1003 4065 auguratus
1036 3978 1101 4039 est.
1182 3965 1303 4058 Quare

224 4070 378 4147 libenter
403 4066 448 4139 ab
484 4070 546 4140 tali
572 4070 771 4142 coniectura
797 4067 1036 4159 abstinentes,
1088 4094 1169 4141 curn
1197 4063 1304 4139 Wol-

223 4169 273 4241 fio
300 4194 503 4259 censemus,
536 4172 733 4268 antiquitus
760 4172 862 4242 etiarn
891 4168 1003 4261 nibil,
1037 4170 1109 4241 uisi
1133 4168 1200 4240 bos
1225 4190 1304 4239 ver-

225 4293 307 4362 sus,
330 4295 434 4368 ‚quos
461 4271 531 4366 ipsi
556 4270 733 4369 legimus,
772 4272 960 4344 exstitisse.
1044 4270 1305 4368 Antiquissima

225 4368 397 4444 Heraclea
441 4371 512 4443 init
547 4372 735 4467 Pisandri3
792 4374 892 4469 prins
925 4369 1090 4445 Herculis
1125 4382 1202 4443 acta
1235 4369 1306 4441 nisi

226 4471 431 4572 singulatim
457 4483 583 4574 poetae
608 4499 681 4550 non
702 4484 965 4569 enarraverunt,
998 4468 1302 4568 elr.Bod.1l.l.p·
