3044 5264
207 366 293 440 900
484 370 762 448 APPARATUS
796 314 1038 449 cameos..

213 582 376 679 spiritum
419 605 535 679 neque
578 592 761 654 accentum
804 579 1008 675 addiderat,
1067 585 1188 657 neseio
1225 611 1302 684 quo

212 684 333 756 modo.
406 684 486 782 Ego
510 682 730 771 Belaberum‚
777 682 978 770 woldam,
1023 685 1300 779 Buttmannum,

213 782 281 857 Gr.
306 784 370 857 Gr.
393 785 450 877 11,
479 810 516 880 p.
539 780 614 853 159
639 796 674 854 et
697 784 921 880 Spitznerum
949 796 1123 884 sequutus
1148 813 1228 858 sum
1261 789 1302 858 iu

214 886 357 958 Exe.V
389 884 505 957 adli.
535 885 593 976 11,
620 880 699 955 529
734 912 771 981 p.
797 884 973 985 Xiseqq.
1021 888 1072 958 ei.
1101 883 1177 980 61,
1206 885 1299 980 199,

213 984 312 1078 561,
340 982 437 1056 151.

209 1160 212 1165 .
315 1084 407 1160 192.
459 1095 495 1163 ἐν
519 1096 553 1162 δὲ
577 1097 653 1188 καὶ]
678 1085 720 1180 ἦν
744 1100 779 1166 da
801 1103 858 1167 καὶ
882 1091 984 1175 αὐτὸς
1011 1089 1040 1162 1.
1068 1089 1157 1163 ce'rti
1180 1099 1302 1162 tamen

213 1189 307 1263 nihil
336 1186 579 1261 affirmandum
616 1202 683 1262 est.
747 1197 861 1286 αὐτὸς]
900 1191 1029 1262 Heinr.
1067 1193 1105 1261 in
1136 1192 1302 1287 exemplo

214 1318 281 1364 suo
310 1300 392 1388 post
426 1291 528 1376 αὐτὸς
562 1316 695 1362 comma
724 1296 865 1389 posuit,
912 1290 1058 1364 adiectis
1089 1291 1146 1362 his
1178 1292 1301 1364 verbis

215 1393 484 1487 ‚interpunctio
522 1393 719 1463 Hormanui
756 1394 853 1466 Diss.
892 1392 936 1463 de
971 1392 1079 1465 Pron.
1119 1393 1221 1480 αὐτός
1257 1420 1297 1489 p.

214 1488 282 1564 50.
300 1526 312 1557 a
338 1536 388 1548 -
437 1498 635 1590 ἐναρφόρος]
664 1496 865 1598 ἕναροφόρος
891 1494 965 1565 (11)
976 1494 1005 1563 F
1015 1495 1031 1565 1
1043 1496 1081 1565 Μ
1094 1521 1127 1565 m
1141 1492 1173 1565 0
1206 1505 1242 1565 et
1268 1497 1300 1565 si

213 1619 337 1666 verum
373 1590 568 1666 litterarum
605 1595 765 1666 ordinem
799 1598 901 1695 sequi
935 1594 1038 1684 lieet,
1080 1594 1236 1694 Hesyeb.
1263 1597 1297 1682 l,

213 1724 251 1795 p.
266 1690 393 1785 1211,
425 1693 488 1766 ubi
515 1721 610 1766 nune
638 1698 845 1796 ἕναραφὸρος
871 1695 1050 1768 scribitur.
1078 1741 1128 1752 --
1185 1706 1299 1791 inopa-

214 1802 320 1898 φόρος
344 1794 499 1868 BGSV
525 1796 715 1869 Trine.—
765 1801 961 1897 ἐναριφὸρος
979 1795 1029 1889 1.,
1058 1795 1153 1896 quod
1178 1806 1297 1868 tamon

213 1910 421 1993 corruptum
450 1925 495 1970 ex
520 1900 722 1996 ἐναρςφόρος
750 1925 827 1971 esse
854 1902 1034 1994 suspicor,
1088 1899 1136 1969 et'.
1165 1898 1209 1968 ad
1235 1925 1291 1965 vs.

214 1991 310 2095 1955
350 2026 414 2072 nec
434 1999 538 2071 aliter
564 1999 761 2069 exhibitum
785 1999 895 2070 fuisse
924 2002 960 2068 io
982 2000 1011 2069 n
1033 2002 1205 2089 condeio,
1233 1997 1297 2069 nbi

213 2126 311 2173 nuno
346 2101 530 2201 ἐναρφόρος
563 2112 616 2171 est
647 2125 691 2171 ex
721 2103 952 2171 correctione.
982 2147 1031 2158 —
1070 2111 1191 2197 1εἰνριρη
1220 2102 1298 2195 ὁρος

213 2201 317 2272 initio
341 2203 511 2296 seriptum
538 2200 669 2289 fuisse,
708 2197 1043 2298 putatGoettling.‚
1072 2228 1163 2299 quoe
1200 2229 1296 2272 orma

213 2302 391 2398 reperitur
423 2302 460 2370 in
495 2298 601 2369 Anni.
626 2297 859 2389 5,159.-
937 2302 1096 2374 Editores
1131 2300 1176 2374 ab
1202 2302 1297 2373 Aldo

213 2429 328 2500 usque
364 2401 409 2473 ad
436 2399 697 2498 Goettlingium
731 2428 854 2474 omnes
889 2409 1073 2505 ἰναρρόρος
1108 2403 1294 2490 exhibent,

213 2501 296 2576 lieet
330 2501 414 2573 libri
444 2528 556 2601 paene
593 2502 684 2573 nulii
727 2502 881 2575 faveant.
957 2506 1158 2604 ἐναρςφόρος
1201 2517 1295 2578 reete

213 2603 455 2700 comprobavit
481 2605 616 2675 Buttm.
647 2602 712 2676 Gr.
739 2603 806 2675 Gr.
827 2605 881 2694 11,
909 2630 946 2701 p.
965 2602 1064 2695 559,
1091 2607 1193 2678 euius
1214 2631 1294 2679 sen·

213 2709 361 2777 sentiam
405 2731 521 2802 nuper
561 2705 741 2800 praeclare
782 2711 966 2778 exornavit
1003 2707 1296 2780 Seirneidewinus

213 2833 314 2878 meus
337 2809 376 2877 in
402 2809 577 2879 Conieott.
607 2809 702 2879 oritt.
731 2804 875 2905 ρ.11.,
915 2809 985 2880 eui
1000 2833 1103 2878 nemo
1126 2808 1231 2880 facile
1256 2812 1295 2880 in

212 2920 392 3005 posterum
429 2908 662 3006 repugnabit:
711 2907 763 3007 gl.
798 2907 834 2979 b.
886 2911 1129 3006 atvopocpdpoc·
1164 2920 1294 3005 notepe

212 3011 309 3098 etde,
345 3011 413 3084 dod
443 3014 504 3084 τοῦ
534 3013 576 3083 τὰ
612 3017 713 3109 ἔναρα
745 3020 866 3111 φέρειν,
908 3014 930 3099 ἢ
953 3013 1018 3085 ἀπὸ
1045 3020 1106 3085 τοῦ
1133 3015 1213 3100 τοὺς
1238 3015 1293 3087 ἅν-

312 3111 502 3282 iatts
528 3110 720 3311 ast?
750 3113 920 3279 dte·
1013 3211 1169 3283 ·....
1248 3237 1293 3284 ..2

393 3259 402 3280 .
456 3245 478 3282 a
796 3262 804 3280 .
873 3245 888 3285 ε
928 3244 945 3284 o
990 3245 1009 3284 τ

212 3306 351 3407 glossa,
388 3319 429 3381 ut
454 3245 595 3381 aiibi
615 3243 858 3410 bedbngio,
888 3245 1019 3384 bledein
1045 3338 1098 3385 vs.
1118 3260 1195 3384 197⁹
1221 3313 1292 3385 buc

212 3409 433 3483 translatum.
457 3455 506 3465 -
552 3418 726 3510 χείρεσσιν]
749 3427 888 3510 χείρεσιν
908 3414 924 3483 1
937 3442 983 3484 m.
1005 3449 1055 3468 —*-
1104 3425 1292 3513 πρυλέισσι]

211 3523 401 3612 πρυλέεσσιν
426 3515 474 3583 Α.
540 3512 594 3584 De
629 3516 731 3585 euius
768 3518 864 3586 vocis
900 3518 1044 3586 notione
1087 3516 1136 3588 ci.
1176 3515 1291 3586 Lehrs

211 3617 407 3686 Aristaroh.
436 3638 474 3712 p.
488 3609 580 3683 125.
617 3616 762 3686 Passov.
791 3619 828 3685 iu
853 3616 942 3687 Lex.
971 3641 1003 3686 s.
1030 3643 1088 3706 n,
1127 3617 1189 3714 qui
1216 3642 1289 3686 raon

212 3714 303 3787 mole
327 3715 465 3812 pedites
492 3727 527 3787 et
552 3714 676 3786 ducem
704 3718 740 3785 in
774 3740 880 3788 eumn
917 3716 1096 3788 sedentem
1123 3716 1193 3787 sibi
1226 3740 1289 3812 op·

212 3818 296 3912 poni
321 3827 423 3913 putat
432 3842 445 3912 3
491 3829 528 3887 et
551 3817 653 3888 aliter
680 3817 893 3888 iudicantem
917 3820 1040 3888 Herm.
1067 3817 1110 3889 de
1135 3817 1287 3916 byperb.

212 3939 246 4012 p.
265 3912 291 3986 9
311 3941 412 4016 seqq.
454 3915 609 4013 Opusco.
636 3917 703 4003 IV,
722 3915 815 3987 288.
835 3963 884 3973 -
936 3921 1085 4019 κελεύων]
1109 3923 1227 3994 zetam
1243 3918 1286 3990 C.

310 4014 398 4088 195.
453 4027 560 4117 δίφρῳ
586 4022 807 4118 ἐπεμβρβαώς]
846 4020 946 4091 Diae.
981 4025 1200 4113 »ἐπιβεβηκὼς
1231 4023 1287 4117 ἐφ’

210 4118 382 4212 ἅρματοςι
423 4148 575 4218 qnooum
617 4123 647 4189 si
688 4123 938 4217 coniungimus
980 4131 1124 4218 »δίφρον
1158 4132 1290 4214 ἐπεμβε-

207 4220 323 4310 fiodo«
349 4221 413 4307 H..
438 4221 631 4314 probabilis
656 4222 796 4292 videtur
817 4235 851 4292 ot
878 4225 1087 4294 testimoniis
1101 4222 1288 4294 confirma·

209 4329 298 4405 tum,
326 4317 421 4414 quod
442 4321 550 4389 Diod.
569 4323 665 4392 dedit
697 4329 841 4421 »δίφρου
867 4325 1096 4417 ἐπεμβεβαώςι
1132 4335 1167 4394 et
1190 4324 1287 4421 quod

210 4423 246 4490 in
264 4415 404 4489 vsffld
428 4420 594 4493 orionibus
626 4425 663 4491 iu
690 4420 952 4523 librislegitur.
1007 4425 1101 4496 Etsi
1122 4425 1160 4494 in
1181 4425 1286 4498 sobo-
