3044 5264
492 400 772 478 APPARATUS
805 401 1031 507 einricus.
1226 396 1308 473 217

213 612 339 684 ἔστιδὲ
365 610 420 683 ὅτε
446 610 545 697 δηλοῖ
564 619 620 685 καὶ
640 615 755 699 κῆνον.
804 609 928 684 Ἀπίων
949 619 985 684 δὲ
1007 616 1200 702 ἐτνμολογεῖ
1216 614 1307 710 παρὰ
1364 594 1374 606 ι

212 717 250 785 τὸ
283 713 456 806 ὅρνισθιιι
489 711 552 801 τὴν
583 718 646 801 γῆν
677 713 761 804 πρὸς
794 719 941 808 φυτείαν.
982 722 1039 785 καὶ
1063 711 1230 808 Ὅμηρος,
1257 759 1308 775 -

210 824 332 907 πολλοὶ,
362 819 397 885 δὲ
430 821 543 911 φυτῶν
575 818 655 887 ἕσαν
680 813 818 909 ὄρχατοι
840 814 962 912 ἀμφίς,
994 812 1133 905 Ἰλιάδος
1159 818 1212 899 §.a
1250 838 1304 887 vs.

211 910 305 984 195.
352 912 421 984 efr.
451 911 567 985 schol.
597 912 753 985 Theocr.
778 910 903 1005 1,18.
954 912 1083 986 Orion.
1116 913 1236 1012 Etym.
1264 943 1302 1014 p.

211 1012 303 1106 115,
325 1010 379 1096 29
404 1040 508 1113 seqq.
548 1016 667 1112 Etym.
695 1011 793 1087 Gud.
816 1011 912 1106 156,
933 1011 988 1086 51
1005 1041 1110 1114 seqq.
1152 1016 1240 1115 (quo
1265 1023 1305 1090 iu

212 1129 365 1215 utroque
401 1119 481 1190 loeo
514 1119 611 1214 ὀρχός
644 1115 814 1191 scribitur
849 1116 930 1190 eod.
962 1114 1148 1217 accentu.)
1192 1128 1228 1189 et
1263 1145 1302 1216 p.

175 1244 177 1248 “
211 1214 396 1312 157,11;
425 1217 539 1292 schol.
568 1217 614 1289 erl
636 1219 751 1289 Arist.
775 1217 958 1290 Acheron.
971 1213 1066 1311 991,
1091 1220 1175 1294 coll.
1197 1216 1301 1293 Suid.

212 1347 243 1390 s.
268 1347 305 1391 v.
343 1321 511 1419 ὀρχάτοις.
584 1318 742 1418 Hesyeh.
780 1347 812 1391 s·
847 1346 907 1391 vv·
947 1322 1099 1419 ὄρχατοι,
1143 1322 1237 1418 ὅρχοι
1269 1334 1305 1395 θλ

211 1425 320 1520 ὄρχος.
345 1467 397 1479 -
448 1423 635 1496 Praeterea
662 1422 781 1520 Etym.
802 1422 856 1493 Μ.
885 1423 1007 1494 citavit
1025 1424 1184 1522 singnis.
1212 1448 1245 1494 s.
1264 1450 1301 1496 v.

211 1527 358 1625 τάλαρος
382 1551 420 1622 p.
439 1520 533 1614 715,
550 1521 597 1615 5,
637 1533 669 1610 ἐς
700 1528 866 1621 ταλάρους
889 1528 1026 1625 ἐφόρευν
1050 1550 1096 1597 ex
1121 1524 1302 1621 Hesi0d05

210 1653 241 1697 s·
255 1652 291 1696 v·
311 1629 421 1719 κάμαξ
447 1629 638 1720 »σειόμενος
653 1627 809 1722 φύλλοισι
825 1637 881 1700 καὶ
899 1629 1074 1727 ἀργυρέῃσι
1091 1626 1237 1720 κᾶμιιξιι
1262 1653 1301 1724 p.

167 1786 168 1793 ,
212 1724 418 1818 187,19,
455 1730 520 1798 ubi
555 1728 674 1824 Etym.
713 1725 812 1798 Gud.
851 1752 889 1823 p.
912 1722 1010 1818 296,
1030 1722 1083 1797 59
1113 1729 1305 1822 »σειόμενος

212 1865 249 1930 ι·
273 1834 730 2001 ’montenonis
747 1826 931 2001 heiste
970 1928 1202 2002 λι
1371 2026 1373 2029 .

212 2034 390 2108 immerito
415 2030 612 2101 dubitatum
638 2043 706 2102 est.
741 2102 745 2124 ¹
771 2027 1042 2131 Antssignairus
1060 2032 1197 2103 exstitit
1215 2029 1304 2102 Gui-

212 2144 313 2222 etus,
360 2134 424 2231 qui
454 2135 615 2230 quinque
648 2159 773 2206 versus
799 2128 1039 2204 996-500
1075 2159 1140 2229 pro
1172 2133 1305 2230 spuriis

212 2232 385 2326 habebat,
441 2248 477 2306 et
512 2233 558 2306 ob
593 2237 776 2306 molestam
825 2236 1073 2332 repetitionem
1109 2232 1304 2306 eorundem

213 2335 403 2408 verborum
437 2339 475 2407 in
512 2363 567 2407 vs.
588 2333 690 2427 998,
736 2347 777 2408 ut
807 2335 969 2428 videtur,
1014 2347 1050 2409 et
1083 2334 1130 2408 ob
1162 2360 1306 2407 versum

211 2434 310 2530 299,
363 2442 517 2535 pessime
562 2438 723 2526 illatum,
776 2464 884 2535 quem
928 2449 1047 2509 tamen
1086 2434 1303 2535 corrigebat.
1446 2509 1448 2515 ,

214 2543 299 2610 Post
324 2538 422 2611 hune
448 2539 479 2608 1.
511 2541 557 2608 Η.
583 2540 736 2609 Vossius
764 2539 801 2607 in
827 2538 1060 2610 translatione
1088 2540 1202 2634 prima
1234 2539 1305 2611 eie·

213 2643 263 2710 eii
299 2642 475 2735 »μεγάλων
501 2642 569 2716 ἀπὸ
596 2643 710 2735 ὄρχων,
726 2683 777 2693 -
803 2644 941 2740 ἐφόρευν
971 2651 1007 2711 et
1033 2649 1173 2711 servato
1200 2663 1308 2710 versu

213 2735 313 2828 299,
350 2767 492 2811 versum
518 2738 626 2811 500:
665 2742 768 2812 euius
794 2743 994 2811 rationibus
1019 2766 1066 2813 ex
1089 2749 1189 2836 parte
1210 2764 1306 2810 eom·

215 2841 393 2936 probatis,
436 2842 671 2914 Heinrichius
696 2868 839 2936 versum
854 2838 934 2910 999
959 2843 1068 2912 simui
1092 2839 1307 2913 eiiciendum
1452 2868 1457 2877 ’

215 2968 292 3014 esse
319 2946 473 3015 censuit.
531 2944 572 3014 1ο
599 2944 708 3015 altera
731 2969 817 3014 vero
846 2944 1138 3039 interpretatione
1155 2940 1308 3013 Vossius

214 3055 355 3141 praeter
388 3066 532 3117 versum
555 3041 634 3115 299
664 3044 822 3142 reliquos
856 3070 981 3117 omnes
1014 3044 1176 3114 retinuit.
1238 3044 1306 3115 His

214 3144 375 3218 addenda
404 3160 458 3218 est
482 3145 660 3218 Dindoriii
696 3148 872 3219 sententie
899 3171 984 3243 prue
1019 3148 1146 3217 ceteris
1184 3143 1306 3243 digne,

216 3274 308 3345 (puae
341 3248 468 3320 iisdem
501 3248 620 3322 verbis
655 3261 856 3345 repetatur:
899 3247 1011 3317 oVix
1045 3246 1138 3317 alius
1168 3248 1207 3316 in
1240 3245 1309 3318 hoe

213 3351 370 3421 carmine
396 3351 600 3442 locns'est,
645 3353 681 3426 in
715 3376 787 3448 quo
813 3351 970 3446 plurium
1003 3362 1187 3420 auctorum
1223 3372 1308 3443 ope·

215 3478 291 3521 rum
314 3462 376 3522 aut
391 3478 584 3550 agnoscere
602 3465 665 3524 aut
687 3451 896 3549 dignoscere
916 3449 1058 3521 facilius
1077 3452 1136 3520 sit.
1181 3438 1320 3518 Trium*

217 3579 369 3649 quorum
398 3557 523 3626 versus
557 3553 618 3627 hic
651 3554 834 3625 coniuncti
868 3565 954 3629 sunt
989 3565 1173 3647 poetarum
1213 3574 1309 3619 unus

217 3657 337 3732 versui
363 3651 443 3725 999
467 3655 680 3728 adiunxerat
705 3679 829 3727 versus
857 3650 952 3740 995,
974 3650 1072 3741 991,
1098 3648 1192 3741 995,
1218 3649 1310 3723 niter

217 3781 340 3828 eorum
368 3757 447 3829 loeo
479 3784 604 3830 versus
627 3754 720 3845 998,
748 3752 849 3843 997,
869 3750 962 3842 998.
1018 3753 1164 3824 Tertius
1190 3776 1309 3822 servs·

218 3859 264 3928 tis
295 3858 443 3929 secundi
478 3858 659 3956 prioribus
696 3857 841 3929 nonnisi
863 3854 1112 3940 ¹ducentesimi
1151 3851 1319 3950 nonoge'

218 3960 300 4029 simi
323 3962 439 4031 octavi
464 3959 544 4034 loco
566 3963 687 4057 posuit
717 3960 1020 4049 trecentesimum.
1084 3956 1177 4029 Nem
1213 3952 1333 4047 huno¹

218 4062 283 4157 qui
308 4059 488 4156 praeeedit
511 4088 558 4134 ex
583 4088 619 4132 v.
640 4057 722 4131 285
748 4073 882 4154 tomere
905 4059 1079 4154 repetitus
1094 4067 1175 4146 est,
1206 4057 1311 4127 euius

179 4156 180 4160 ¹
219 4160 265 4231 ad
300 4164 504 4258 exemplum
539 4164 624 4233 vitia
662 4164 857 4258 scripturae
890 4161 1073 4231 correxi«
1134 4156 1312 4229 Miiiierus

222 4273 345 4335 eontra
371 4264 397 4334 Ι.
427 4261 455 4333 Ι.
483 4291 521 4362 p.
541 4258 621 4337 892
649 4276 724 4334 not.
761 4288 887 4344 versus
909 4257 990 4331 995
1010 4306 1053 4314 f
1075 4254 1155 4331 995
1191 4259 1310 4345 eiecit,

222 4388 355 4460 eosque
381 4366 559 4464 originem
584 4363 714 4437 debere
748 4390 849 4434 susm
874 4361 1009 4436 codicis
1034 4360 1187 4433 alienius
1219 4358 1313 4432 litte·
1360 4356 1362 4363 ’

189 4525 191 4529 ‚
222 4468 273 4537 ris
305 4467 465 4540 evanidis
497 4481 534 4542 et
558 4464 726 4560 librario,
781 4491 873 4567 quse
910 4463 1076 4560 deerant,
1113 4459 1310 4563 supplenti.
