3044 5264
213 442 295 517 558
503 446 573 522 DE
596 443 795 521 AETATE
817 442 1018 521 TEXTUS.

214 652 350 729 tendit:
396 653 476 728 ’ὅτι
506 661 542 728 δὲ
567 654 741 752 Ὁμηρικῷ
776 654 859 749 ζήλῳ
897 659 953 724 καὶ
987 649 1009 739 ἡ
1047 657 1108 725 τοῦ
1136 650 1322 727 Ἡσιόδου

212 759 315 844 ἀσπὶς
340 763 521 832 τοιαῦτα
545 757 745 849 δαιμόνια
770 760 835 848 ἔχει
861 753 1041 846 ὁμιλοῦντα
1066 760 1106 852 τῇ
1130 752 1249 854 μάχῃ,
1299 757 1319 830 ὁ

212 862 349 953 ἐντυχών
376 867 520 933 εἴσεται(
551 881 588 952 p.
603 850 703 925 1261
729 853 787 926 ed.
818 853 924 924 Rom.
991 852 1170 949 Loquitur
1198 857 1321 953 igitur

211 959 256 1031 de
295 984 368 1031 vss.
388 953 468 1028 259
493 981 575 1055 sqq.
617 967 653 1029 et
686 955 753 1029 hos
787 953 997 1026 subditicios
1029 979 1177 1050 prorsus
1206 958 1319 1056 igno·

210 1071 280 1132 rat.
352 1061 518 1132 Aliorum
549 1060 651 1156 origo
683 1053 848 1154 lapsuum
882 1080 954 1127 non
985 1056 1186 1154 antiquior,
1241 1057 1315 1131 cfr.

211 1165 306 1262 App·
335 1163 417 1235 crit.
442 1159 487 1233 ad
515 1187 572 1232 vs.
589 1155 672 1230 294
696 1170 733 1231 et
757 1154 837 1228 299
862 1168 897 1229 et
922 1156 1022 1229 alibi.

312 1261 416 1356 Quae
448 1288 559 1361 quum
592 1264 640 1333 ita
674 1263 766 1350 sint,
813 1285 923 1330 meam
951 1260 994 1331 de
1031 1256 1139 1329 rebus
1170 1261 1214 1330 in
1243 1259 1318 1334 boc

209 1367 326 1462 capite
352 1363 509 1436 tractatis
535 1365 747 1436 sententiam
771 1364 894 1458 paucis
920 1360 1040 1432 verbis
1070 1362 1315 1458 comprehen-

210 1465 295 1538 dere
329 1472 468 1563 potero.
544 1463 651 1536 Multi
677 1475 871 1561 supersunt
897 1461 997 1533 Senti
1030 1461 1192 1557 codices,
1245 1466 1315 1536 scd

210 1565 284 1638 duo
312 1564 370 1639 vcl
403 1579 476 1638 tres
509 1567 542 1638 si
569 1568 733 1655 noveris,
779 1566 873 1635 nosti
904 1589 1047 1653 omnes,
1093 1566 1178 1663 qnia
1213 1566 1314 1638 nibil

209 1677 317 1760 sunt,
362 1668 433 1740 nisi
459 1666 663 1766 apographa
696 1665 847 1737 duorum
880 1665 938 1737 vel
974 1668 1083 1737 trium
1120 1668 1312 1763 exemplo·

209 1795 317 1860 rum,
374 1794 466 1869 quae
515 1796 559 1840 ex
602 1767 750 1841 barbara
790 1767 1068 1866 Byzantinorum
1111 1767 1313 1865 disciplina

209 1881 348 1942 servata
384 1882 421 1943 et
448 1872 486 1942 in
508 1869 646 1942 ltaliam
675 1871 846 1942 translata
877 1880 974 1940 sunt.
1056 1872 1183 1941 Forma
1218 1897 1310 1944 vero

209 1972 404 2063 carminis,
467 1999 573 2072 qnam
612 1969 808 2069 praebent,
869 1968 1009 2043 turbata
1054 1970 1200 2070 quidem
1250 1975 1309 2044 in·

209 2070 443 2149 credibilibus
476 2084 512 2145 et
543 2075 742 2146 innumeris
769 2071 908 2144 mendis
935 2085 1009 2161 cst,
1057 2073 1121 2144 scd
1152 2072 1306 2166 talibus,

210 2199 363 2270 quorum
396 2172 568 2272 pleraque
605 2200 688 2270 pars
721 2185 757 2245 et
791 2176 937 2273 agnosci
973 2173 1077 2246 facile
1112 2185 1236 2272 potest
1272 2189 1310 2250 et

209 2272 309 2362 tolli,
354 2299 421 2345 nec
450 2275 523 2345 nisi
548 2277 791 2347 recentissima
816 2273 960 2345 demum
990 2287 1104 2348 aetate
1134 2278 1305 2350 invectis.

209 2372 313 2467 Quae
338 2375 371 2445 si
396 2374 607 2467 sustuleris,
654 2379 816 2475 proxime
840 2377 986 2450 accedes
1008 2378 1053 2448 ad
1077 2403 1154 2450 eam
1181 2389 1309 2451 textus

208 2475 478 2571 recensionem,
538 2503 630 2578 quae
673 2504 719 2551 ex
761 2477 1084 2552 Alexandrinorum
1134 2480 1309 2555 manibus

207 2574 355 2673 prodiit.

310 2679 407 2751 Satis
440 2690 518 2753 tuto
543 2681 656 2780 igitur
687 2678 793 2755 uobis
828 2659 1072 2782 quaeslionem
1107 2683 1179 2754 iam
1222 2689 1308 2759 nni-

209 2803 313 2855 verso
336 2779 380 2854 dc
403 2783 560 2856 carmine
580 2782 852 2887 instituentibus
877 2785 1069 2885 procedere
1094 2783 1237 2862 licebit.
