3044 5264
91 1682 226 1789 Vetus
251 1741 380 1789 nomen
401 1715 594 1816 aliquando
618 1718 707 1790 mibi
733 1718 990 1816 expediendum
1019 1744 1095 1793 esse
1118 1721 1170 1790 vi·

94 1815 180 1911 ilco,
208 1831 375 1916 exparte
401 1818 540 1890 saltem.
593 1820 684 1891 Nam
710 1847 821 1919 quum
847 1844 940 1892 anno
957 1817 1063 1890 1784
1087 1821 1170 1893 ado·

92 1917 228 1991 lcsccns
264 1921 509 2017 Theogoniam
544 1919 754 1993 Hesiodeam
795 1923 832 1991 in
864 1921 1032 2005 anditorii
1066 1945 1171 2003 nsum

94 2021 254 2112 ederem,
294 2023 362 2091 iam
387 2032 460 2091 tum
482 2022 610 2093 tacitus
631 2048 768 2095 mecum
795 2024 952 2094 omninin
979 2022 1063 2095 h'uic
1088 2046 1176 2119 poet

95 2133 151 2193 tae
168 2121 416 2194 attributorum
439 2147 585 2219 operum
607 2123 797 2195 editionem
816 2122 1029 2223 cogitabam.
1067 2112 1172 2196 llram

93 2234 208 2295 antem
236 2223 299 2296 illo
324 2234 480 2320 tempore
506 2234 586 2296 eta
621 2228 763 2322 propria
795 2225 962 2299 lbcultate
988 2235 1032 2321 *et
1061 2251 1086 2298 a·
1110 2251 1172 2298 ne·

92 2327 254 2396 cessariis
281 2327 331 2397 rei
362 2322 454 2396 bene
479 2325 655 2422 gerendae
682 2326 868 2423 praesidiis
887 2326 1172 2424 ‘adeo'impara-

92 2439 171 2516 tus,
212 2438 321 2497 utne
348 2427 410 2495 nni
437 2425 580 2524 quidem
616 2427 764 2499 oonsilio
791 2428 888 2525 qnod
913 2453 978 2526 pro
1010 2427 1071 2500 tali
1096 2454 1172 2500 car·

92 2531 188 2598 mine
213 2530 298 2598 satis
327 2539 517 2625 angustum
550 2527 745 2627 sequebar,
787 2531 1017 2627 grammatico
1043 2539 1078 2609 at
1103 2531 1171 2602 ori·

94 2633 184 2718 tien,
224 2628 354 2700 nedum
382 2640 421 2699 ut
446 2626 638 2701 lectoribus
665 2629 812 2699 cruditis
838 2642 874 2700 ct
900 2629 1100 2728 mpthoru'm
1124 2631 1172 2702 si·

95 2728 169 2798 mul
218 2732 376 2827 origines
432 2729 705 2826 anquirentibus
760 2731 961 2802 satisfacere
1012 2757 1168 2827 possem.

94 2829 201 2923 Quod
234 2856 344 2929 qnnm
372 2842 580 2902 eventurum
607 2829 873 2927 praevidissem,
903 2831 972 2902 feci
990 2831 1172 2927 quodpe-

92 2935 145 3002 tui
167 2934 235 3003 tiro
246 2960 258 3027 3
299 2931 363 3004 sed
391 2931 595 3028 perplexam
622 2930 717 3000 illam
745 2930 937 3028 multisque
969 2930 1081 3002 modis
1107 2934 1172 3002 im·

89 3018 247 3131 peditam
273 3033 467 3104 doctrinam
488 3032 702 3105 lectionibus
728 3031 771 3103 de
799 3032 1013 3136 mythologie
1039 3031 1172 3106 baben·

95 3135 149 3206 dis
177 3160 358 3215 reservare
390 3132 518 3225 malni,
558 3161 663 3232 qnam
698 3133 805 3206 cruda
837 3160 948 3204 novae
980 3135 1173 3231 sapientiae

92 3237 292 3307 rudimenta
319 3235 358 3306 in
383 3234 513 3334 vulgos
540 3237 680 3308 efferre.
742 3235 869 3333 Neque
896 3234 1042 3333 posthac
1069 3237 1173 3307 istius

94 3364 150 3409 me
180 3337 357 3434 poenituit
397 3337 643 3409 verecundiae.
724 3336 853 3407 Adbuc
888 3339 982 3408 enim
1023 3336 1171 3408 multum

94 3437 247 3538 legendo
282 3437 544 3537 scrutandoque
575 3440 693 3535 potius
728 3437 910 3509 addiscere
945 3436 1034 3509 mibi
1059 3440 1172 3510 conti·

95 3543 172 3638 gir,
211 3538 298 3637 quid
320 3538 365 3611 de
387 3564 513 3637 magna
539 3537 741 3637 mytbornm
764 3550 862 3636 parte
881 3564 991 3635 pravo
1010 3541 1173 3611 acumine

95 3643 335 3737 disputatum,
384 3667 489 3738 quarn
534 3639 621 3739 quid
660 3638 844 3737 probabile
880 3651 942 3710 aut
979 3665 1101 3711 verum
1138 3649 1175 3712 et

94 3745 290 3839 priscorum
320 3742 536 3814 Graecorum
569 3743 725 3840 ingeniis
756 3743 860 3818 unice
886 3764 1084 3838 congruum
1110 3739 1172 3810 ba-

94 3843 249 3914 bendum
277 3853 397 3915 esset(
437 3842 581 3936 Quanto
606 3844 718 3942 igitur
743 3843 974 3940 insperatior,
1002 3850 1100 3913 tanto
1117 3843 1171 3912 in·

93 3944 244 4018 condior
268 3944 357 4015 mibi
381 3943 550 4040 publicati
576 3943 685 4017 studii
707 3943 845 4015 fructus
868 3943 1047 4034 constitit,
1075 3940 1173 4047 quod

93 4049 274 4146 primum*
286 4065 402 4118 meum
443 4048 582 4118 critices
624 4047 743 4142 epioae
777 4044 957 4116 ten'tamcn
994 4045 1180 4143 respicere

93 4146 261 4246 dignatus
288 4159 342 4223 est
368 4172 462 4221 unus
489 4173 702 4245 paucorum,
747 4147 810 4245 qui
840 4142 979 4244 aliquot
1002 4154 1084 4219 ante
1109 4170 1171 4216 an·

92 4251 151 4320 nis
177 4250 355 4355 principes
380 4246 601 4322 adeundam
626 4259 765 4347 poetam
793 4247 930 4319 doctius
951 4247 1172 4320 tractandum

92 4350 207 4427 facem
233 4347 498 4453 praetulerunt,
544 4347 636 4427 Dav.
670 4347 940 4426 Rubnbeniuss*
971 4347 1063 4425 Nam
1090 4372 1170 4418 can·

92 4452 299 4529 didissianns
330 4451 388 4528 hic
423 4451 531 4527 iudex
563 4478 610 4525 ex
640 4477 682 4525 eo
713 4450 801 4527 mibi
840 4451 1019 4525 nascentis
1056 4447 1171 4521 laudis
