3044 5264
380 423 698 504 scuouonuu
729 425 885 502 aaron.
1096 418 1174 493 sor
1261 390 1265 399 ’

89 629 222 732 hrtque
242 632 398 731 aliquam
420 659 501 705 cum
514 632 738 732 Pherecydes
758 634 958 705 narratione
974 633 1178 706 similitudi-

90 762 192 825 nem,
233 735 301 807 cl'r.
331 761 429 830 supr.
460 731 577 831 p.21‚
606 747 681 806 not.
697 732 737 825 6,
771 746 807 805 et
832 735 972 807 videtur
992 750 1177 834 propterea

88 838 270 934 antiquior
304 861 403 925 esse,
453 839 501 908 ita
536 848 576 907 ut
600 837 662 906 vix
690 862 745 907 me
770 834 816 907 ab
835 839 1051 910 coniectura·
1079 838 1176 910 cohi·

88 937 212 1029 haam,
241 937 517 1033 Aristophanem
536 938 746 1034 Byzantium
767 939 844 1009 eius
869 952 1047 1010 auctorem
1074 966 1175 1033 esse3

53 1109 56 1112 a
88 1038 177 1111 haee
200 1050 323 1110 eontra
350 1040 526 1135 posterior
549 1049 619 1110 tota
646 1039 767 1110 indole
795 1050 832 1112 et
856 1066 920 1111 sua
939 1067 1019 1112 cum
1039 1040 1180 1114 scholio

87 1140 327 1236 Apolloniauo
360 1139 594 1213 similitudine
626 1142 783 1236 peiorem
815 1167 893 1213 sese
926 1144 1176 1214 recentiorem·

88 1267 160 1339 que
191 1241 330 1338 prodit,
378 1242 444 1314 cl'r.
486 1244 614 1315 Heinr.
653 1269 690 1337 p.
713 1239 770 1310 Ill
817 1252 853 1314 et
886 1269 986 1340 supr.
1020 1271 1057 1342 p.
1083 1241 1174 1316 159.

88 1345 292 1440 Utrumque
329 1352 448 1414 tamen
488 1354 739 1441 argumentum
783 1352 904 1414 secum
945 1348 1178 1418 coniunctum

89 1443 196 1516 babet
220 1443 383 1516 scholion
411 1442 528 1534 istud,
567 1442 610 1514 de
642 1470 714 1540 quo
741 1442 836 1534 dixi,
886 1456 923 1517 et
957 1448 1005 1518 ita
1032 1447 1188 1547 quidem&

87 1550 279 1642 seriptum,
317 1557 358 1617 ut
383 1549 497 1642 primu
533 1545 731 1616 communis
757 1545 867 1616 lontis
893 1550 1080 1645 uestigium
1110 1549 1178 1620 cli·

87 1647 185 1746 quod
212 1649 249 1718 in
277 1673 505 1718 numerorum
531 1648 758 1740 corruptione
789 1647 816 1722 al
841 1659 899 1722 καὶ
925 1649 972 1722 στ’
1004 1653 1184 1745 supersit,.

88 1749 217 1822 deinde
253 1774 337 1820 vero
368 1750 495 1837 etiam,
545 1759 584 1818 ut
616 1746 762 1819 alterius
793 1761 889 1820 aetas
924 1753 1178 1826 recentiore!

87 1850 329 1922 additamento
364 1846 616 1944 Aristophanis
650 1849 786 1922 nomini
820 1848 1014 1947 subiunetq
1046 1854 1183 1946 »0232'5

86 1956 260 2046 Κωμικός,
298 1950 385 2024 ἀλλά
409 1969 460 2037 τιςΙ
484 1961 592 2050 ἔτερος
616 1960 642 2023 I
645 1952 879 2050 ’ραμματικόςι
914 1949 1020 2025 facila
1043 1978 1180 2052 cogno·

86 2067 218 2125 scatur.
1180 2082 1183 2091 ’

188 2154 372 2250 Suspieari
408 2153 521 2251 igitur
561 2153 630 2224 iam
668 2178 713 2226 ex
751 2153 1037 2228 enarrationibus
1076 2154 1186 2246 licetp

88 2266 290 2328 nostrorum
326 2254 542 2326 scholiorum
588 2279 666 2328 esse
708 2255 861 2354 aliquam
904 2269 998 2329 eerte
1040 2268 1176 2353 partem

86 2355 348 2454 antiquioribus
390 2355 609 2452 temporibus
655 2368 793 2431 natam:
858 2357 968 2455 idque
1019 2359 1177 2455 ipsorum

86 2458 303 2530 scholiorum
331 2457 450 2528 indole
476 2456 718 2528 coralirmatur.
786 2457 882 2528 Sunt
912 2462 1007 2532 enim
1040 2460 1177 2532 scholia

87 2559 191 2630 nohis
217 2569 376 2646 servata,
422 2558 548 2652 partim
585 2568 757 2647 vetera,
794 2560 923 2653 partim
958 2563 1176 2632 recentis·

86 2662 221 2730 simae
248 2657 441 2756 originis
452 2684 463 2750 3
503 2684 656 2755 quorum
681 2656 741 2730 illa
767 2659 914 2731 loannis
936 2661 1086 2732 Tzetzae
1113 2686 1180 2733 no·

87 2763 183 2831 mine
210 2758 300 2831 falso
332 2757 647 2830 circumferuntur.
728 2754 918 2857 Postquam
947 2763 1040 2833 euim
1070 2763 1177 2833 'l'riu-
1306 2802 1313 2816 ·

86 2859 243 2934 carellus
269 2887 314 2932 ex
340 2859 560 2933 'l'rielininno
586 2859 678 2931 libro
706 2864 843 2957 primus
877 2863 1011 2934 scholia
1042 2863 1178 2936 Graeca

85 2963 132 3035 ad
160 2961 354 3034 ttesiotum
391 2960 642 3058 evulgaverat,
690 2961 788 3034 aliud
823 2961 1039 3037 scholiorum
1076 2965 1178 3035 volu·

85 3092 169 3136 men
195 3067 232 3135 in
260 3062 457 3135 Basileeusi
485 3063 648 3158 exemplo
678 3062 812 3137 editum
840 3075 914 3156 est,
956 3067 1104 3164 inquo
1136 3092 1183 3162 μ..

85 3163 168 3236 214
191 3193 293 3264 seqq.
339 3164 472 3237 scholia
505 3166 542 3235 iu
578 3165 727 3238 Seutum
761 3177 922 3258 exstant,
969 3165 1043 3239 hoe
1071 3166 1181 3241 tituta

84 3268 255 3362 inscripta
297 3275 398 3341 »Τοῦ
435 3268 536 3341 αὐτοῦ
575 3277 712 3356 Ίζζὲτζου
750 3269 917 3359 ἐξήγησις·
938 3271 984 3355 εἰς
1017 3273 1078 3359 τὴν
1118 3275 1181 3343 τοῦ

81 3369 251 3442 Ἡσιόδου
283 3369 462 3443 ’Amisa-
512 3368 576 3438 sod
611 3368 693 3441 licet
731 3368 819 3439 mihi
860 3372 923 3440 hae
960 3371 1104 3466 quidem
1139 3371 1182 3443 iu>

85 3494 211 3540 enussa
248 3467 373 3540 iisdem
410 3469 462 3541 uti
501 3469 644 3560 verbis,
690 3497 782 3567 quae
818 3470 1067 3562 hluctzellius‚
1115 3471 1179 3566 qui

84 3573 222 3666 primus
256 3572 346 3642 uiam
381 3571 553 3661 munivit,
610 3570 653 3642 de
688 3571 829 3645 emend.
863 3571 1003 3670 Theog.
1037 3599 1075 3669 p.
1095 3567 1176 3642 50l

86 3673 273 3767 usurpavit
308 3673 518 3744 »Tzetzinni
560 3673 716 3770 ingenii,
769 3699 843 3770 quo
886 3674 947 3744 vix
989 3673 1102 3743 ullum
1143 3681 1180 3746 et

85 3772 228 3869 plenius
256 3775 412 3843 innotuit
437 3785 472 3845 et
498 3773 542 3844 ad
575 3772 912 3870 deprehendendum
940 3787 994 3846 cst
1021 3774 1181 3866 facilins,

86 3900 132 3945 ne
153 3876 330 3946 levissima
348 3874 491 3972 quidem
520 3878 670 3973 vestigia
693 3875 901 3972 dignoscere
928 3878 1053 3948 lieet«
1101 3874 1178 3947 Nee

86 3978 216 4050 erroris
252 4001 376 4047 caussa
412 3975 549 4047 occulta
577 3988 642 4048 est.
710 3977 832 4068 Quum
864 3980 958 4049 euim
992 3976 1180 4049 inensem

84 4079 206 4151 codice
233 4078 382 4148 Taetzae
409 4079 682 4148 commentarius
710 4080 746 4148 in
768 4078 894 4174 Opera·
913 4090 948 4149 et
968 4078 1055 4149 Dies
1082 4077 1178 4176 lege·

87 4193 205 4271 retur,
252 4205 358 4278 quem
390 4178 451 4250 illc
481 4205 525 4249 ex
549 4180 692 4253 Proculi
729 4178 905 4250 thesauris
940 4181 1176 4277 surripuerat,

87 4281 253 4360 credebat
283 4292 344 4352 aut
378 4277 546 4350 librarius
582 4292 669 4370 aut,
706 4280 803 4379 quod
829 4283 949 4352 verius
975 4306 1050 4353 esse
1075 4293 1190 4376 puto„

86 4382 304 4454 scholiorum
332 4381 447 4452 editor
475 4380 712 4474 Basileeusis,
752 4381 890 4479 reliqua
914 4383 1032 4454 omnia
1063 4382 1179 4455 eidem

87 4483 238 4558 Tzetzae
285 4482 421 4560 deberi.
510 4483 592 4579 Qua
639 4485 677 4556 in
724 4508 762 4556 re
806 4483 1035 4558 vehementer
1082 4507 1178 4557 erra·
