3044 5264
243 410 320 486 158
511 415 792 491 APPARATUS
828 410 1054 502 CRlTlCUS.
1150 454 1152 459 ·

245 627 289 711 ὡς
325 621 476 710 ποιητής,
513 619 865 707 ποιητοὸιδάσκαλος.ι
927 616 1024 689 Hace
1050 618 1081 688 si
1097 617 1194 719 ⁸quis
1228 609 1331 689 accus

243 737 319 797 rate
345 720 602 818 contemplatus
634 722 727 791 inter
757 745 795 791 se
827 720 1039 790 contulerit:
1075 744 1147 789 nou
1184 721 1331 816 poterit,

244 839 285 900 ut
309 827 457 921 opinor,
496 824 566 893 nisi
591 821 679 893 haec
706 847 751 892 cx
778 818 1016 891 Galliuracheo
1041 818 1173 917 aliquo.
1195 819 1333 891 scholio

246 926 428 1021 desumpta
452 935 588 1019 putare.
658 921 836 993 Bacchum
865 919 1105 992 Callimachus
1133 923 1171 992 iu
1198 921 1335 1017 hymno

246 1027 367 1125 aliquo
401 1027 597 1119 ἠλιτόμηνον
631 1022 888 1120 appellaverat,
936 1034 977 1093 ut
1003 1024 1178 1094 Homerus
1215 1025 1333 1120 Eury·

245 1130 411 1221 atheum,
447 1125 489 1198 de
515 1125 673 1199 Hesiodo
703 1123 891 1202 scholiasta
917 1127 1062 1195 omniuo
1094 1150 1167 1195 non
1200 1127 1333 1223 eogita-

246 1234 312 1304 vit.
367 1230 415 1300 lu·
434 1229 551 1325 Etym.
576 1228 710 1325 lllagno
735 1225 894 1321 pleniora
918 1229 1057 1315 omnia,
1098 1226 1161 1297 sed
1182 1227 1337 1323 Dionysi

248 1358 378 1406 nomeu
405 1332 594 1421 omissum,
623 1331 671 1398 in>
687 1340 839 1424 utroque
864 1326 972 1399 altera
999 1326 1113 1397 forma
1140 1329 1248 1408 simul
1273 1355 1335 1399 ex·

247 1435 401 1532 plicata,
447 1432 644 1520 ἆλιτόμηνος
676 1456 696 1499 a
732 1455 815 1500 voce
853 1431 966 1521 ἁλιτὴς
997 1440 1032 1499 et
1055 1430 1159 1523 μήν..
1198 1430 1335 1500 Verisi-

248 1535 435 1607 millimum
467 1534 598 1628 igitur,
643 1529 739 1629 quod
767 1531 976 1601 Buttmann.
1003 1529 1068 1601 Gr.
1099 1531 1165 1604 Gr.
1195 1531 1255 1620 ll,
1294 1557 1333 1627 p.

205 1660 220 1684 ·
250 1634 301 1707 72
338 1636 538 1733 suspicatus
565 1644 636 1720 est,
676 1635 873 1729 ἀλιτήμερον
898 1630 988 1702 nihil
1014 1658 1112 1723 esse,
1150 1633 1218 1704 nisi
1245 1633 1336 1703 scri·

248 1751 374 1836 pturae
399 1737 538 1805 uitium.
611 1735 704 1806 Vera
741 1746 796 1805 est
830 1735 1004 1829 scriptura
1037 1736 1248 1831 ἁλιτόμηνος,
1295 1743 1339 1804 ut

248 1851 345 1938 pulei
382 1864 428 1909 cx
453 1835 585 1909 Suitlae
617 1835 733 1908 lexico
770 1861 801 1906 s.
827 1861 863 1906 V.
901 1837 1118 1930 ἀλιτὸμηνος,
1154 1837 1258 1910 ὁτοῦ
1283 1867 1335 1908 τε·

248 1949 335 2016 λείου
377 1942 481 2035 μηνὸς
520 1942 763 2038 διημαρτηκώς·
813 1940 832 2010 ὁ
867 1938 1076 2034 ἠλιτόμηνος.
1118 1962 1157 2035 p.
1179 1931 1335 2028 224,ss

165 2036 169 2044 ⁴
248 2040 383 2115 Bernh.
451 2072 457 2078 ·

351 2139 568 2214 Scholiastae
612 2139 712 2211 Scuti
757 2165 866 2237 quum
914 2137 960 2210 ab
1004 2140 1162 2214 Homero
1203 2141 1340 2213 scirent

110 2281 113 2291 ’
250 2241 489 2340 Eurystheum
522 2243 720 2335 ἠλιτόμηνον
756 2242 888 2317 dietum
925 2267 1023 2333 esse,
1063 2241 1157 2313 idem
1190 2239 1236 2313 ab
1265 2242 1338 2312 He·
1396 2253 1400 2260 '

250 2345 350 2418 sindo
377 2343 509 2414 facturn
543 2347 790 2434 autumabant,
839 2355 875 2413 et
906 2354 967 2414 aut
999 2341 1202 2415 scribebant
1226 2345 1339 2432 ἆλιτή·

250 2479 369 2544 μηνον,
396 2443 493 2541 quod
520 2447 728 2516 correctoris
754 2471 896 2516 manum
923 2444 1055 2542 prodit,
1088 2457 1150 2516 aut
1183 2446 1364 2540 ciliniae?

250 2581 310 2626 νον
337 2547 460 2620 eodem
497 2539 601 2616 moilo
637 2545 977 2643 interpretabantur:
1029 2559 1221 2643 utrumque
1256 2572 1351 2642 per··

252 2676 354 2723 verse
379 2649 628 2737 instituentes,
676 2651 942 2744 praesertim
970 2675 1097 2745 quum
1131 2659 1223 2719 tota
1256 2646 1338 2719 illa

251 2751 445 2825 historia
472 2752 702 2821 Homerica
729 2753 805 2841 sit,
834 2777 917 2822 non
937 2749 1173 2821 Hesiodea.
1227 2749 1339 2846 Apud

252 2851 448 2926 Hesiodum
478 2854 571 2922 enim
588 2852 749 2947 luppiter·
773 2852 960 2925 consilium
983 2877 1086 2922 suum
1111 2853 1336 2949 assequitur3

251 2954 367 3026 voluit
399 2953 589 3024 Herculem
628 2960 710 3050 ἀρῆς
744 2956 891 3047 ἀλκτῆρα
928 2954 1075 3050 gignere
1116 2964 1152 3023 et
1186 2954 1336 3048 genuit3

253 3055 350 3153 apud
386 3055 762 3152 Homerurnvregem
803 3054 917 3125 voluit
959 3055 1074 3124 facere
1120 3064 1155 3125 et
1189 3056 1338 3126 lunonis

254 3158 403 3234 astutiae
429 3158 547 3225 cessit.
608 3156 755 3226 Rectius
781 3157 891 3253 igitur
918 3155 979 3245 li.,
1007 3180 1160 3252 quocum
1176 3153 1335 3253 Hesych.

255 3253 512 3353 comparandus
538 3268 592 3327 est
620 3264 873 3350 ·'Alrrape'voe·
898 3258 1122 3353 deceptivum·

356 3357 455 3426 Inter
477 3359 691 3430 recentiores
714 3359 856 3429 criticos
878 3357 1045 3447 fuerunt,
1083 3359 1146 3454 qui
1164 3356 1338 3429 librorum

254 3460 464 3556 'scripturam
490 3461 684 3552 ἀλιτήμενον
705 3458 957 3551 defenderent,
996 3469 1037 3530 ut
1056 3458 1241 3531 Heinrich.
1274 3459 1338 3556 qui

132 3575 134 3578 ⁴
257 3560 329 3635 od.
352 3569 385 3644 ὃ,
411 3555 492 3629 807
518 3563 764 3657 comparabat,
792 3561 926 3632 Buttm.
956 3558 983 3631 l.
1003 3560 1053 3649 l.,
1091 3559 1250 3656 Lennep.
1274 3585 1333 3655 ap.

255 3660 490 3753 Boissonad.,
517 3661 698 3734 Muetzell.
721 3662 824 3734 Holl.
840 3661 995 3758 Allpem.
1009 3661 1137 3760 Lietp.
1166 3658 1271 3733 1855
1296 3686 1335 3758 p.

255 3761 336 3834 tt‘z
360 3788 436 3860 seq.
473 3774 509 3834 et
533 3761 650 3833 Talel.
677 3765 715 3834 in
741 3764 865 3859 Stepb.
895 3763 986 3834 thes.
1020 3788 1051 3833 s.
1074 3790 1110 3833 v.
1137 3764 1338 3857 basciacense,

257 3864 289 3953 l,
317 3860 435 3934 1492.
489 3865 543 3937 Ac
561 3864 765 3960 Lennepius
791 3864 933 3964 quidem
958 3863 1153 3961 prudenter
1177 3866 1335 3935 monuitr

256 3965 371 4036 »Nam
400 3977 435 4037 et
459 3965 646 4044 obscurius
672 3978 726 4038 est
747 3968 794 4036 ita
820 3965 914 4037 nude
940 3968 1093 4061 positum
1111 3963 1335 4054 vocabulum,

255 4090 322 4136 nec
358 4067 462 4161 plane
498 4067 650 4166 intelligi
677 4078 829 4164 potest,
886 4068 954 4137 nisi
992 4053 1169 4165 cognitam
1207 4064 1338 4136 habeas

256 4165 352 4237 illam
379 4167 423 4236 de
448 4167 647 4266 Eurystheo
675 4178 757 4240 aute
784 4171 915 4239 iustum
942 4178 1081 4265 tempus
1115 4167 1209 4239 edito
1235 4165 1339 4236 sabu-

256 4266 341 4337 lum.
405 4267 450 4337 Et
481 4295 567 4340 vero
592 4268 792 4359 Hesiodus,
841 4282 902 4340 aut
933 4271 1097 4367 quisquis
1128 4268 1199 4338 suit
1231 4267 1339 4336 huius

256 4368 395 4464 antiqui
421 4393 505 4439 sane
532 4372 697 4443 carminis
718 4383 859 4460 auctor,
893 4395 1078 4441 aerumnas
1103 4368 1267 4440 Herculis
1292 4364 1338 4436 ab

256 4468 382 4541 altiore
405 4468 504 4542 fonte
530 4475 680 4569 repetit,
717 4470 983 4570 Amphitryonis
1008 4480 1173 4568 peccato,
1206 4480 1245 4540 ut
1262 4494 1338 4540 eam
