3044 5264
509 1375 702 1510 Caput
745 1371 999 1480 tertium.

487 1621 708 1704 scutum
757 1618 1027 1706 Herculis

211 1763 335 1830 cum
374 1746 694 1834 Homericis
739 1750 797 1833 et
830 1749 1133 1836 Hestouets
1177 1768 1301 1840 eur·

415 1879 653 1964 mlntbus
701 1881 1095 1981 comparatum.

677 2068 840 2078 -—-—-—-.

692 2247 730 2347 g.
768 2244 806 2318 r.

350 2375 358 2392 .
418 2429 619 2496 lmttntto
648 2428 834 2496 nomer!
865 2430 913 2494 tn
940 2432 1088 2495 rebus.

210 2595 268 2696 In
294 2622 443 2695 historin
468 2623 599 2720 poesic'
615 2622 738 2721 epieac
765 2623 982 2696 Graecorum
1010 2622 1042 2694 si
1069 2630 1142 2694 tres
1169 2631 1301 2696 aetates

211 2729 307 2797 inter
331 2749 370 2796 se
400 2722 657 2815 discernimus,
699 2750 850 2822 quarum
877 2726 991 2820 prima
1022 2724 1108 2796 artis
1137 2724 1238 2797 initia
1265 2735 1303 2797 et

211 2826 387 2898 iuveniles
414 2827 515 2923 quasi
541 2850 751 2922 progressus
778 2824 1044 2922 complectitur,
1093 2825 1196 2897 tertia
1223 2827 1302 2897 eius

211 2939 430 3001 senectutem
455 2938 745 3023 crescentemque
770 2925 988 2998 debilitatem
1015 2927 1196 3014 eontinet,
1244 2951 1301 2999 ea·

212 3057 282 3128 que
309 3055 400 3126 quae
427 3027 582 3099 medium
621 3029 714 3099 iuter
738 3026 802 3098 bas
835 3025 952 3100 locum
984 3037 1101 3117 tenet,
1153 3026 1301 3101 Homeri

212 3132 356 3201 nomine
373 3129 571 3222 nobilitata,
597 3154 841 3226 summumque
858 3141 957 3201 nacta
976 3141 1029 3202 est
1045 3128 1300 3223 perfectionem

213 3243 249 3303 et
270 3233 540 3327 praestantiam:
590 3230 834 3302 Hesiodum
867 3232 906 3301 in
931 3229 1098 3302 confiniis
1123 3228 1301 3302 secundae

213 3344 249 3404 et
280 3334 403 3404 tertiae
438 3332 564 3403 aetatis
595 3330 769 3404 collocare
794 3334 1058 3405 consuevimus.
1135 3333 1183 3402 At
1209 3356 1301 3428 quac

214 3435 290 3506 eius
322 3431 390 3504 sub
423 3434 567 3505 nomine
595 3433 761 3504 feruntur
792 3435 968 3525 carmina,
1014 3443 1087 3503 tam
1121 3430 1301 3504 diversum

212 3560 297 3633 prae
323 3559 362 3606 se
388 3534 510 3605 ferunt
535 3533 710 3625 colorem,
759 3545 801 3607 ut
834 3536 895 3606 vix
925 3535 989 3608 uni
1023 3532 1210 3632 eidemque
1242 3558 1301 3605 ac·

213 3638 298 3725 tati,
346 3633 479 3707 nedum
511 3637 576 3707 uni
604 3634 742 3708 bomini
767 3634 920 3707 adscribi
951 3636 1103 3733 possint.
1179 3632 1301 3728 Quare

213 3762 314 3808 suam
338 3735 465 3809 sibiet
489 3738 704 3834 peculiarem
730 3735 873 3835 singula
898 3762 1018 3811 curam
1049 3748 1221 3834 poscunt,
1269 3735 1302 3806 si
1331 3812 1335 3819 ,

214 3835 366 3937 quiade
401 3839 446 3909 iis
472 3850 568 3911 reete
594 3837 750 3910 iudicare
773 3850 809 3910 et
834 3837 880 3908 ad
913 3837 1044 3912 flnctus
1080 3836 1300 3910 diversarum

214 3939 423 4036 opinionum
464 3938 729 4036 componendos
764 3938 900 4037 aliquid
936 3940 1101 4014 conferre
1137 3948 1299 4012 conatu.

213 4040 316 4113 Nihil
342 4051 459 4112 autem
484 4043 598 4138 magis
618 4042 858 4112 necessarium
878 4052 955 4133 est,
983 4067 1089 4139 quam
1113 4065 1186 4137 qno
1205 4064 1302 4113 nexu

214 4167 294 4214 cum
320 4142 519 4214 Homericis
541 4141 802 4242 Hesiodcisque
818 4141 1046 4235 *carminibus
1070 4139 1299 4241 colligantur,

215 4242 415 4317 ostendere.

317 4343 466 4417 Scotum
493 4343 658 4419 Herculis
694 4345 938 4418 imitatoris
969 4370 1059 4443 opus
1091 4369 1190 4438 esse,
1236 4366 1303 4416 nec

217 4445 492 4543 Aristophanem
517 4447 728 4547 Byzantium
754 4446 869 4546 sugit,
918 4473 985 4522 nee
1011 4471 1226 4547 quemquam
1252 4444 1302 4516 la·

1024 4570 1102 4648 22*
