3044 5264
233 446 237 456 Δ
353 390 633 550 terminos
665 424 888 503 minens.
1080 418 1179 497 aas

175 630 235 728 ὣς]
260 629 304 720 ὡς
332 624 400 697 AV
425 624 508 698 Bas.
534 624 573 698 5.
610 618 739 699 lleinr.
770 629 848 701 siue
874 637 1033 700 accentu.
1163 688 1165 693 ,

174 726 240 800 61.
294 726 424 809 ἑσταότ’Ι
449 737 499 830 ἰν]
524 729 654 803 ἐπρίατ’
679 739 714 805 ἐν
729 730 777 802 V.
815 731 947 807 ἑσταότ’
973 739 1007 805 ἐν
1031 729 1155 802 Trinc.
1305 806 1307 812 Α

74 838 213 907 ἔσταῶΐ
241 838 288 905 ἰαὶ
313 829 381 900 ΙΜ
407 830 557 923 (ἑσταῶτ’
584 833 686 905 εἶναι
716 830 811 902 .'l'h.
838 856 881 902 ex
907 857 981 924 m.,
1007 833 1039 904 si
1065 842 1158 904 recte

74 931 269 1031 suspicor);
306 932 376 1004 cir.
404 928 449 1003 ll.
466 857 717 1023 xx1v‚70l‚
746 931 809 1005 ubi
831 931 953 1006 cadem
976 930 1083 1006 verbe
1108 934 1162 1010 le·

27 1040 31 1048 '
75 1047 212 1133 guntur
244 1043 281 1105 ct
315 1057 361 1104 ex
397 1028 499 1103 llari.
538 1044 681 1106 notatur
718 1035 892 1131 scriptura
933 1035 1093 1109 »tmuirt'
1126 1044 1161 1111 iv

75 1143 220 1238 tropon
291 1134 337 1206 ln
370 1131 485 1206 schol.
513 1133 609 1207 Ven.
646 1134 691 1207 ad
722 1135 760 1209 lr.
786 1134 813 1207 Ι.
850 1135 1019 1214 »ἑσταότ’.
1066 1141 1160 1233 Ἀρί.

76 1268 220 1333 σταρχος
259 1241 424 1312 ἱστεῶτ’.«
505 1235 585 1309 Hoc
625 1237 737 1336 igitur
779 1233 947 1310 videntur
987 1234 1157 1310 voluisse.

76 1339 201 1409 Minus
222 1346 323 1409 cau-te
350 1334 529 1433 Spitzncr.
558 1336 603 1409 ud
625 1340 650 1409 l.
675 1337 702 1409 l.
757 1337 844 1411 Tam
867 1347 963 1414 ocrta
985 1339 1080 1409 enim
1108 1350 1158 1410 te·

76 1438 240 1514 stimonio
259 1437 473 1509 coniecturis
490 1437 629 1531 tollere,
647 1437 762 1512 nefas.
811 1437 1026 1513 Prudentius
1039 1438 1157 1540 llcyn.

77 1538 214 1615 Obsvv.
243 1539 290 1609 Τ.
307 1538 412 1630 Vlll,
440 1565 478 1635 p.
496 1536 585 1612 759.

176 1647 300 1739 δίφρῳ]
344 1643 415 1736 Ap·
455 1641 558 1713 Dirc.
605 1652 822 1738 ’ἱσταμένους
856 1652 890 1719 ἰν
924 1653 968 1743 τῷ
999 1653 1067 1742 ναῷ
1103 1653 1161 1720 τοῦ

72 1743 286 1827 ’Λπόλλωνος
311 1747 346 1816 ἐν
369 1747 567 1842 &ippotae
592 1742 689 1840 quod
712 1743 820 1815 nolim
846 1745 895 1815 ita
919 1744 1159 1841 interpretari,
1197 1812 1200 1819 .

77 1854 119 1915 ut
144 1840 317 1939 pluralem
343 1847 531 1915 numerum
557 1868 637 1916 enm
661 1845 849 1942 'scripsisse
869 1855 1004 1942 putem.
1067 1842 1162 1920 Nam

77 1942 177 2042 quod
201 1967 306 2015 nemo
332 1943 593 2037 animadvertit,
626 1943 684 2017 vel
705 1956 799 2017 certe
826 1944 1036 2042 explicatius
1060 1970 1162 2017 cunr·

78 2046 191 2166 pavit,
231 2069 295 2140 per
318 2054 432 2121 totum
456 2043 525 2117 lroc
547 2070 689 2118 carmen
720 2045 772 2118 de
797 2071 885 2119 nno
915 2055 982 2119 est
1006 2046 1163 2118 Martis

80 2146 226 2242 ipsius
252 2170 387 2216 curru
412 2142 654 2244 cogitandum,
681 2148 719 2218 in
739 2173 810 2245 quo
827 2145 871 2219 ab
890 2148 993 2219 initio
1013 2157 1163 2244 uterque

80 2258 118 2320 ct
133 2257 232 2344 pater
248 2257 283 2319 nt
295 2243 392 2319 lilius
407 2247 591 2320 insistunt.
620 2247 748 2347 Neque
761 2248 856 2319 enim
870 2245 1025 2320 offendet
1039 2272 1163 2346 quem·

81 2374 209 2447 quam,
257 2346 353 2445 quod
379 2349 418 2419 in
443 2349 614 2446 proximis
646 2346 808 2420 versibus
844 2350 979 2448 ἅρματα
1012 2346 1165 2444 appellat

80 2447 212 2547 plurali
247 2473 419 2535 numero,
457 2475 548 2546 qnae
578 2460 632 2522 est
656 2449 804 2522 Homeri
837 2446 1080 2522 consuetudor
1129 2459 1166 2521 et

82 2550 225 2623 disertis
248 2559 373 2646 poetae
396 2548 516 2622 verbis
540 2548 756 2640 credendum
782 2562 849 2642 est,
874 2545 954 2620 108
968 2575 1045 2646 seq.
1084 2550 1167 2625 »at-

83 2684 140 2730 σεο
165 2651 265 2745 τεύχε’
296 2651 435 2746 Ἀρήϊα,
468 2652 561 2750 ὄφρα
594 2652 730 2746 τάχιστα
764 2658 901 2753 δίφρους
931 2650 1167 2746 ἐμπελάσαντες

78 2753 233 2850 νΛρηός
256 2757 322 2837 θ’,
347 2753 550 2850 ἡμέτερόν
573 2783 631 2838 τε,
664 2752 930 2848 peccaminum·
980 2751 1101 2847 Atque
1126 2761 1168 2820 nt

84 2853 224 2950 reliqua
256 2875 329 2924 non
365 2852 556 2951 attingam,
616 2863 802 2950 postquam
835 2852 975 2949 Cycnus
1012 2852 1165 2941 occisus,

84 2955 183 3029 Mars
203 2978 289 3026 vero
316 2950 522 3026 vulneratus
547 2963 620 3044 est,
657 2951 788 3026 lllartis‘
809 2953 894 3051 equi
918 2961 953 3030 et
977 2975 1104 3029 currus
1128 2953 1169 3021 in

86 3056 280 3154 Olympum
304 3052 469 3146 redeunt,
493 3049 595 3146 466,
635 3054 746 3153 Cycni
770 3065 888 3138 autem
913 3050 1012 3125 nulla
1039 3049 1167 3148 spolie,

87 3159 159 3228 nisi
184 3180 291 3252 ‘arma
323 3166 661 3248 commemorantur,
688 3150 783 3225 468.
847 3154 900 3224 ltu
936 3152 1051 3225 lucem
1083 3178 1168 3224 nan·

88 3259 271 3332 ciscuntur
295 3281 419 3328 versus
450 3254 612 3355 Virgilii,
650 3256 783 3355 Georg.
809 3253 886 3347 111,
913 3248 966 3327 89
981 3296 1034 3315 -
1051 3247 1117 3331 91.
1163 3326 1165 3329 ,

204 3357 302 3435 Talis
324 3355 508 3458 Amyclaei
533 3356 686 3429 domitus
709 3355 865 3429 Pollucis
890 3353 1037 3428 habenis

201 3456 388 3557 Cyllarus,
434 3468 494 3552 et,
548 3483 732 3557 quorum
767 3455 897 3554 Graji
933 3455 1171 3528 meminero

900 3567 1046 3648 oetae,

201 3658 359 3738 Martis
394 3661 497 3765 oqui
540 3658 742 3759 bijuges,
801 3667 837 3731 et
868 3584 1000 3828 inahypli
1046 3677 1172 3732 currus

869 3763 923 3829 Ac
950 3758 961 3827 i
990 3757 1036 3848 ic,

92 3862 294 3964 dequibus
328 3865 360 3935 1.
386 3862 436 3935 Η.
465 3855 616 3936 Vossius
640 3862 680 3934 in
705 3859 985 3947 commentariis,
1031 3880 1069 3952 p.
1092 3850 1174 3926 550

92 3967 273 4038 nonsatis
298 3962 498 4036 luculenter
522 3965 699 4060 exposuit.
752 3960 930 4061 Virgilius
952 3957 1068 4047 enim,
1103 3956 1174 4032 nisi

94 4067 215 4159 fallor,
243 4065 286 4138 rle
305 4063 372 4136 hoc
390 4066 467 4160 ipso
485 4063 562 4137 loco
582 4074 703 4140 nostro
722 4062 904 4161 cogitavit.
944 4059 1076 4136 Mirum
1095 4058 1175 4154 qui·

94 4167 195 4259 dem,
224 4165 321 4267 quod
339 4162 597 4262 quodammodo
619 4163 690 4237 duo
709 4164 903 4263 παραβάται
926 4170 962 4233 et
981 4156 1053 4233 duo
1072 4157 1176 4254 θερά-
1311 4155 1314 4166 ’

94 4299 227 4355 παντες,
250 4293 304 4338 vs.
320 4263 414 4357 465,
440 4267 478 4337 in
505 4264 628 4339 codem
653 4291 759 4337 curru
785 4271 985 4352 versantur,
1019 4257 1177 4334 sednon

93 4370 256 4465 ineptum
277 4380 351 4459 est,
378 4368 545 4465 quoniam
564 4391 636 4441 non
656 4366 700 4438 de
720 4364 822 4438 solitu
842 4363 1026 4438 hominum
1041 4361 1178 4434 ratione

95 4494 211 4544 sermo
226 4480 295 4564 ost,
321 4467 385 4546 sed
402 4468 446 4546 de
464 4494 572 4573 curru
590 4467 726 4561 divino,
756 4467 857 4545 cuius
868 4461 969 4563 apud
983 4463 1178 4538 Homerum
1228 4464 1230 4468 ’

906 4583 962 4664 10
