3044 5264
334 443 419 544 506
623 439 941 528 SCHOLIORUM
976 447 1136 528 namo,

335 683 420 747 ,vcro
439 676 607 757 magnum
631 628 780 755 apparet
805 657 843 728 in
864 655 1103 754 grammaticis
1123 644 1275 727 citandis
1294 646 1435 725 atrius·

338 787 409 860 quc
435 761 646 849 discrimen,
693 759 778 830 dum
801 758 892 831 altcr
918 757 973 856 (d)
999 753 1044 830 ad
1069 752 1311 830 testimonium
1339 754 1436 827 Tac·

336 875 412 936 nac
433 890 472 961 p.
495 857 549 931 65
575 872 612 933 ct
635 857 691 930 64
716 861 844 933 Heinr.
871 871 907 932 ct
929 857 1109 932 Eustathii
1139 880 1178 955 p.
1204 853 1276 947 72,
1320 882 1436 954 qucur

336 959 693 1037 Thessalonicensem
726 962 908 1053 nominat,
953 961 1044 1034 altar
1075 980 1161 1032 varo
1183 956 1269 1059 (D)
1299 958 1346 1031 ad
1373 959 1457 1052 lo.-

336 1065 577 1164 Philoponum
608 1073 780 1162 provocat
803 1061 971 1161 idemque
998 1061 1119 1159 plures
1144 1062 1251 1134 etiam
1276 1062 1369 1133 solet
1395 1073 1437 1134 ct

337 1170 493 1265 aptiores
525 1191 572 1238 ex
602 1166 762 1264 antiquis
793 1163 1029 1263 scriptoribus
1065 1162 1163 1236 locos
1198 1163 1350 1254 afferre,
1392 1175 1439 1235 ut

339 1294 385 1342 ex
420 1263 598 1358 Pindaro,
638 1294 676 1364 p.
706 1263 777 1358 77,
821 1259 1036 1357 Theocrito,
1079 1291 1118 1363 p·
1142 1261 1221 1353 70,
1255 1264 1433 1338 Homero.

340 1369 491 1442 Accedit
512 1369 753 1440 testimoninm
780 1366 862 1440 cod.
884 1367 993 1440 Vind.
1024 1392 1122 1440 num.
1138 1363 1220 1437 128
1242 1391 1302 1461 ap.
1325 1364 1437 1439 Lam·

338 1470 420 1545 hec.
441 1469 537 1563 Vll,
566 1497 603 1568 p.
626 1460 729 1561 231,
767 1472 806 1541 in
840 1496 913 1568 quo
944 1481 986 1542 ut
1016 1471 1053 1541 in
1084 1469 1114 1541 B
1144 1470 1298 1566 primum
1332 1496 1437 1565 para·

338 1570 518 1670 phrastica
551 1570 708 1661 scholia,
755 1582 877 1668 postca
917 1571 1163 1669 technologica
1198 1569 1435 1661 exhibentur,

340 1685 467 1771 atquc,
514 1673 613 1772 quod
647 1671 757 1762 huius
793 1671 928 1744 codicis
954 1673 1138 1771 proprium
1171 1682 1245 1761 est,
1283 1673 1352 1762 ita,
1391 1682 1440 1744 ut

341 1770 600 1873 technologicis
634 1774 773 1846 nullum
810 1776 967 1846 auctoris
1000 1799 1130 1847 nomen
1169 1772 1329 1847 additum
1361 1775 1433 1845 sit:

234 1930 236 1935 -
343 1875 439 1948 unde
465 1877 598 1948 lactum
628 1888 701 1964 est,
741 1888 783 1948 ut
810 1875 1020 1948 harnhccius
1055 1875 1142 1947 hacc
1174 1875 1309 1948 scholia
1339 1901 1436 1946 sem—

343 2004 408 2076 per
438 1989 607 2076 tanquam
637 1980 815 2069 Anonymi
848 1979 1032 2075 scriptoris
1063 1969 1274 2075 opusculum
1310 1975 1436 2048 lauda·

344 2090 419 2171 ret,
454 2079 523 2150 cl'r.
549 2078 576 2149 Ι.
606 2080 632 2150 Ι.
666 2107 703 2175 p.
730 2057 823 2150 2733.

418 2180 496 2250 Nec
519 2191 637 2249 tamen
660 2181 854 2278 quidquam
879 2175 962 2250 indc
985 2177 1224 2275 colligendum
1250 2189 1328 2267 ast,
1364 2177 1438 2251 nisi

343 2293 476 2380 quanta
493 2278 530 2348 in
549 2278 657 2350 rebus
674 2279 772 2351 hisce
790 2283 955 2352 cautione
976 2280 1146 2351 utendum
1163 2282 1225 2368 sit,
1247 2304 1294 2352 ne
1313 2278 1360 2351 ad
1380 2304 1438 2352 rr·

343 2406 443 2452 rores
474 2378 723 2475 procudendos
762 2384 919 2453 veritatis
952 2382 1070 2479 specie
1106 2382 1225 2480 aliqua
1258 2379 1436 2454 ahutarisa

343 2482 436 2554 Nam
452 2505 669 2580 quocunque
687 2493 721 2554 te
740 2486 864 2574 vertis,
886 2509 1027 2581 semper
1044 2483 1109 2555 tihi
1126 2480 1316 2557 auctoritas
1327 2485 1437 2556 Dens»

345 2582 534 2674 Triclinii,
571 2583 799 2684 (Hadccoipov
823 2613 873 2682 σχ.
899 2586 1169 2684 nupctppcoruroi.
1192 2589 1276 2679 μετὰ
1302 2593 1363 2677 τῆς
1387 2619 1440 2660 rs·

342 2697 518 2784 χνολογίας
538 2695 616 2760 τοῦ
640 2689 774 2760 αὐτοῦ
797 2713 852 2784 ap.
875 2688 1000 2759 Trina·
1030 2714 1067 2784 p.
1082 2685 1344 2788 CLXIX,h.),
1373 2687 1440 2785 qui

345 2788 404 2861 vcl
430 2786 590 2885 aequalis
615 2786 687 2857 illis
714 2787 785 2859 suit
813 2788 870 2858 vel
894 2800 990 2860 certe
1016 2808 1089 2860 non
1123 2787 1185 2860 diu
1215 2800 1297 2885 post
1329 2789 1439 2880 vixit,

348 2902 385 2961 ct
414 2887 602 2961 Michaelis
635 2891 765 2988 Apost.
796 2892 1034 2961 testimonium
1069 2892 1107 2961 in
1135 2888 1217 2962 cod.
1243 2890 1288 2961 B.
1316 2901 1439 2962 osten·

347 2991 454 3081 dent,
493 2989 538 3061 dc
563 3015 637 3060 uno
662 2995 848 3088 utriusque
873 2991 986 3064 libelli
1012 3003 1156 3064 auctore
1181 2991 1337 3063 dubitari
1363 3017 1438 3062 non

346 3099 467 3188 posse.
521 3091 570 3161 lta
599 3118 704 3181 vero,
745 3118 837 3189 quae
862 3118 969 3188 supra
993 3091 1118 3183 attuli,
1157 3095 1204 3164 ita
1231 3104 1317 3164 suut
1341 3117 1439 3164 com·

347 3203 469 3289 parata
491 3194 631 3282 omnia,
673 3204 713 3264 ut
736 3220 781 3265 ex
804 3197 944 3265 consilii
967 3192 1192 3283 diversitate,
1228 3220 1301 3293 quo
1322 3191 1441 3265 libelli

347 3294 535 3389 compositi
561 3305 665 3383 sunt,
716 3294 822 3367 facilc
852 3295 1089 3393 explicentur.
1151 3297 1195 3368 ln
1230 3291 1441 3392 paraphrasi

348 3395 443 3466 enim
473 3405 723 3493 argumentum
749 3422 936 3487 enarrare,
979 3397 1274 3496 singularumque
1308 3421 1440 3468 vocum

349 3497 530 3568 notionem
581 3495 666 3568 darc
710 3497 847 3590 voluit,
911 3499 949 3568 in
995 3498 1220 3597 tochnologia
1264 3523 1349 3570 vero
1392 3524 1441 3570 ex

349 3609 424 3669 arte
448 3599 676 3695 grammatica
701 3598 842 3696 singula
873 3599 1044 3671 vocabula
1077 3600 1281 3699 formasque
1313 3597 1441 3671 dillici·

349 3692 458 3772 liores
488 3699 680 3794 explicuit,
725 3711 763 3772 ct
792 3700 1110 3772 interdurn'etiam
1141 3701 1208 3773 alia
1233 3701 1440 3795 admiscuit,

350 3800 836 3973 ‘¹⁰⁸⁰l'tmiiisfliii'di?
849 3805 1423 4004 tlttt'ltltlltlhno

349 4026 482 4072 samm.
540 4001 581 4072 ld
600 4029 712 4073 unum
730 4005 841 4101 igitur
860 4004 1002 4096 addam,
1031 4007 1208 4079 Diaconea
1228 4006 1315 4080 haec
1336 4005 1441 4078 scho-

349 4098 397 4172 lia
426 4102 529 4176 nohis
552 4102 597 4175 ab
623 4130 697 4176 uno
722 4104 906 4178 Demetrio
924 4107 1099 4181 Triclinia
1125 4119 1263 4182 servata
1285 4134 1364 4182 esse
1381 4107 1438 4208 ⁵):

350 4291 667 4306 *ssm

368 4462 376 4476 ·
399 4397 429 4454 5)
449 4396 613 4453 lioshlerus
630 4399 741 4482 scholia
760 4400 875 4483 codicis
890 4401 1062 4458 arceamus
1081 4405 1210 4489 inspexit
1227 4413 1255 4459 et
1272 4422 1334 4460 cum
1349 4405 1443 4463 llein-

352 4479 431 4545 suno
456 4469 590 4533 exemplo
615 4472 753 4530 contulit,
781 4474 831 4526 sed
851 4488 913 4526 sane
932 4472 1041 4541 torreta,
1071 4475 1145 4529 nitrrl
1169 4475 1243 4529 enisu
1268 4493 1358 4548 paene
1384 4477 1442 4532 uisi

353 4534 467 4589 scrrhse
484 4550 600 4594 errores
618 4541 743 4609 nonsit,
763 4553 793 4598 ct
810 4539 835 4596 si
852 4555 909 4609 qus
923 4553 1018 4598 exstat
1035 4543 1145 4599 alicubi
1165 4545 1270 4605 melior
1284 4547 1441 4618 scriptura,
