3044 5264
683 382 873 451 ΣΧΟΛΙΑ.
1273 367 1327 441 59

339 577 436 655 534.
489 583 577 657 καδ
607 582 637 654 δ
667 584 721 679 ἄρ’
750 583 812 655 ἀπ’
841 581 1102 672 οὐρανόθεν·
1130 579 1325 682 ὍμηρυςῙ)

237 700 297 780 μέν
320 695 373 760 ἐπὶ
397 683 614 779 Σαρπηδόνος
635 693 809 776 μέλλοντος
831 690 996 783 τελευτᾷν,
1024 683 1164 775 εὐλόγως
1185 692 1326 758 ποιεῖται

237 791 298 872 τάς
322 797 544 898 αἱματοέσσας
567 786 694 886 φιάδας
718 792 911 883 φερομένας,
924 836 925 843 1
939 780 1036 871 οίιτος
1061 793 1097 858 δέ
1120 785 1326 884 Ἡρακλέους

236 919 400 973 νικωντος.
483 915 489 926 ·
631 928 634 934 ·

249 1029 251 1034 ’
341 1008 434 1082 587.
488 1014 645 1110 κάπρος
664 1017 909 1109 χαυλιόδων·
933 1016 1110 1096 ἐπίθετον,
1137 1014 1180 1098 ὡς
1204 1044 1323 1108 καρχα-

237 1116 374 1214 ρόδους·
420 1123 566 1188 ἐνταῦθα
602 1123 636 1188 δέ
677 1125 746 1189 ἐπεὶ
784 1125 1042 1208 κεχαλασμένους
1077 1125 1139 1211 έχει
1177 1124 1351 1213 φανερῶς,

238 1222 318 1303 τούς
343 1215 495 1301 ὀδόντας·
525 1217 549 1304 ἢ
573 1223 646 1288 κατ’
678 1219 859 1308 ἐναλλαγὴν
884 1226 944 1289 τοῦ
969 1249 989 1312 ρ
1016 1218 1061 1300 εἰς
1083 1225 1119 1300 λ,
1164 1215 1237 1288 οἷον
1264 1248 1325 1308 χα·

238 1321 373 1414 ράσσων
397 1318 475 1401 τους
495 1319 636 1403 ὀδόντας
665 1329 721 1391 καὶ
742 1321 909 1412 τραχόνων
924 1315 968 1417 ²).

339 1439 430 1519 591.
483 1445 558 1520 *ἐν
582 1455 720 1548 λοφιῇ·
757 1448 861 1543 λοφιά
898 1457 934 1519 αἱ
966 1456 1040 1542 περὶ
1075 1445 1134 1519 τόν
1166 1448 1326 1539 τράχηλον

235 1561 350 1644 τρίχες.

339 1669 432 1744 597.
486 1684 591 1750 ἴδει·
633 1687 744 1774 θέρει,
786 1678 878 1770 παρά
917 1679 956 1750 τό
991 1677 1086 1748 ἰδεῖν·
1126 1672 1180 1746 ότι
1212 1679 1247 1746 ἐν
1280 1679 1327 1768 τῷ

242 1790 332 1876 θέρει
358 1783 504 1873 ἱδροῦσιν
528 1788 561 1851 οἱ
585 1778 765 1874 άυθρωποι
782 1773 826 1874 ³).

340 1909 420 1973 ἴδει
448 1908 491 1973 ἐν
515 1903 743 2000 αἰνοτάτῳ·
776 1904 837 1976 τόν
859 1903 977 1998 καιρὸν
1001 1912 1085 1994 λέγει
1119 1908 1177 1990 τῆς
1210 1903 1327 1992 μάχης.

241 2009 318 2073 ἴδει
342 2010 383 2074 ἐν
410 2003 634 2102 αἰνοτάτῳ,
671 2012 705 2077 ἒν
729 2009 776 2102 τῷ
799 2013 895 2100 θέρει
917 2010 964 2100 τῷ
991 2002 1228 2094 καυματώθει,
1272 2000 1329 2073 ὅτι

241 2104 443 2195 τὰσώματα
472 2109 602 2178 ἔδονται
623 2116 678 2178 καὶ
706 2112 957 2180 κατεσθίονται.
976 2116 1046 2190 τοῖς
1076 2111 1201 2201 ἱδρῶσι.
1236 2103 1328 2195 παρά

241 2205 278 2289 τὸ
296 2207 383 2287 ἰδεῖν,
408 2203 429 2276 ό
454 2213 541 2277 ἐστιν
561 2214 689 2303 ίδροῦν·
713 2218 769 2280 καὶ
787 2207 945 2302 Ὅμηρος·
969 2214 1063 2291 ἴδιον,
1088 2206 1131 2292 ὡς
1147 2204 1267 2292 ἐνόησα
1284 2201 1329 2302 ⁴).

340 2327 433 2400 598.
484 2342 751 2430 περιχλῶχες·
782 2331 829 2421 [*
849 2344 885 2406 αἱ
909 2337 1054 2426 γωνίαι]
1080 2375 1132 2386 -
1157 2341 1192 2404 αἱ
1213 2335 1329 2424 γωνίαι

240 2441 302 2506 τοῦ
323 2439 481 2528 στάχυος,
511 2446 771 2536 περιφραστικῶς
795 2444 830 2508 δὲ
852 2437 911 2509 τὸν
937 2436 1079 2528 στάχυν·
1103 2442 1200 2521 δηλοῖ
1223 2441 1258 2505 δέ
1283 2433 1325 2503 τά

240 2536 352 2629 φύλλα
377 2544 436 2608 τοῦ
461 2550 612 2634 κέγχρου·
644 2540 695 2634 εἰς,
720 2536 906 2611 ἀνάπαυσιν
931 2542 965 2608 δὲ
989 2544 1049 2623 τῆς
1073 2542 1135 2629 γῆς
1159 2535 1239 2619 τούς
1259 2544 1327 2624 κέγ-

237 2667 338 2732 χρους
371 2643 576 2731 σπείρουσιν·
614 2645 649 2712 ἰν
679 2648 772 2732 θέρει
801 2647 835 2710 δὲ
867 2648 899 2711 οἱ
930 2650 1057 2730 κέγχροι
1080 2646 1136 2710 καί
1171 2637 1236 2706 ἀπὸ
1268 2639 1330 2705 τοῦ

243 2748 366 2836 θέρους
391 2750 595 2836 σπείρονται,
622 2738 705 2812 ὅταν
727 2739 890 2834 άρχωυται
909 2742 1076 2833 περκάζειν
1099 2745 1132 2809 οέ
1156 2739 1303 2831 βότρυες.

485 2866 744 2940 *τελέθωσν
779 2874 988 2941 θαλέθουσι.

340 2986 431 3061 599.
486 2992 765 3067 *αι’άλονται·
803 2996 998 3092 περκάζωσι,
1030 3001 1269 3086 μελαίνωνται.Ι

343 3112 441 3187 403.
495 3121 660 3209 αἰζήϊος
693 3119 811 3217 άυήρ·
847 3122 960 3208 αἰζηὸς
994 3133 1113 3217 κυρίως
1138 3121 1156 3193 ὁ
1183 3130 1329 3204 νεανίας·

240 3226 300 3293 νῦν
321 3226 355 3291 δὲ
376 3221 436 3292 τόν
460 3228 582 3294 τέλειον
608 3220 712 3314 άνδρα
737 3232 835 3318 φησί,
867 3223 943 3311 ἤτοι
966 3224 1030 3295 τόν,
1054 3222 1212 3317 άνδρεῖον.
1248 3225 1330 3294 ἑπτά
1402 3217 1407 3226 ’

242 3328 279 3391 δέ
303 3323 399 3405 εἰσιν,
435 3323 519 3394 κατά
546 3321 787 3416 άστρονόμους,
825 3332 861 3395 αἱ
893 3330 955 3398 τοῦ
986 3323 1170 3419 ἀνθρώπου
1198 3323 1332 3411 ἡλικίαι.

208 3429 367 3518 ’βρέφος
393 3420 458 3494 άπὸ
485 3422 662 3513 γεννήσεως
686 3431 779 3518 μέχρι
802 3432 823 3495 δ
831 3428 839 3450 ’
865 3430 961 3498 ἐτῶν·
985 3425 1142 3517 ἀναλογεῖ
1159 3431 1194 3495 δέ
1216 3431 1258 3522 τῇ
1281 3454 1332 3495 σε·

243 3523 340 3622 λὴνη·
368 3519 438 3595 εἶτα
461 3530 608 3606 παιδίον,
645 3533 738 3618 μέχρι
766 3530 948 3609 δεκαετίας·
978 3525 1135 3617 άυαλογεῐ
1161 3530 1195 3596 δέ
1218 3524 1332 3623 Ἑρμῇ.

242 3628 359 3717 μείραξ
385 3624 451 3695 άπὸ
476 3630 641 3710 δεκαετίας
663 3635 756 3718 μέχρι
786 3635 851 3698 τῶν
875 3627 939 3712 ιη’·
974 3625 1131 3716 άυαλογεῑ
1153 3630 1187 3696 δὲ
1208 3624 1331 3722 Ἀφρο-

246 3833 528 3851 tunm-..q

310 3943 339 4009 1)
357 3942 393 3996 tl.
411 3959 446 4002 π,
464 3942 530 4008 459,
554 3951 585 3998 ut
603 3950 684 3998 recte
702 3942 855 3997 Heinrich.

288 4039 341 4163 θχχ
355 4038 409 4092 cfr.
427 4038 521 4108 Etym.
540 4038 579 4094 tt.
600 4057 627 4109 p.
640 4040 707 4107 8⁰7,
724 4040 758 4094 at
778 4042 857 4107 teqq'.
900 4036 1085 4107 Oudendorp.
1109 4036 1144 4090 οδ
1172 4034 1269 4090 Thom.
1292 4033 1332 4091 Μ.

243 4123 271 4176 Ρ·
348 4123 426 4175 tar

309 4204 338 4265 3)
357 4201 436 4256 Haec
454 4217 492 4255 ex
512 4200 589 4255 Mon.

311 4300 339 4358 t)
358 4298 465 4369 Odyss.
484 4298 557 4362 XX,
576 4298 637 4353 tot.
673 4295 707 4350 In
726 4297 791 4353 Bas.
809 4298 856 4349 ἴδει
877 4294 1010 4363 αίκοτάτῳ.
1053 4295 1193 4351 Correxit
1211 4298 1282 4365 Aug.
1301 4295 1334 4352 F.
1405 4302 1409 4310 '

242 4365 361 4430 ΝεεΙιο,
382 4367 411 4419 in
430 4365 545 4420 dissert.
567 4364 649 4429 crit..
668 4367 858 4431 quaTzetzae
876 4369 909 4419 ad
926 4365 1044 4419 Ηειίοδ.
1064 4367 1145 4419 locus
1165 4365 1335 4431 restituitur,

243 4437 298 4491 cfr.
317 4436 419 4492 Jahrb.
437 4436 467 4490 d.
479 4434 596 4491 Ριευιι.
614 4435 895 4503 Βὴεέηιιιιίκεῐιέιέι,
915 4435 990 4490 le.
1009 4433 1052 4491 tv
1060 4436 1140 4501 Hert,
1160 4437 1335 4504 μθέθεεηη.
