3044 5264
218 435 301 513 560
529 439 698 526 1ΗὶίΜΝΙ
736 434 985 513 Honumca
1045 514 1049 519 .

222 654 261 725 in
294 675 333 721 re
359 645 546 729 Hesiodi
580 648 847 718 imitatorem
884 637 1221 742 deprehendimus,
1277 634 1336 710 id·

223 779 294 855 que
321 753 390 822 iam
417 750 584 847 Longino
609 747 698 820 duoo
712 747 774 847 ³³).

702 972 740 1075 g.
792 969 834 1042 a.

274 1132 556 1213 nymnorum
588 1089 931 1225 llomerloorum
964 1130 1269 1217 commo,

325 1286 381 1357 De
410 1284 567 1355 Homero
594 1293 629 1354 et
654 1277 812 1355 Hesiodo
847 1284 999 1355 sirecte
1034 1250 1321 1395 dimidrianus,

221 1388 403 1462 Scotum
417 1382 630 1455 Herculis
656 1382 839 1485 aliquanto
865 1382 952 1480 post
966 1379 1049 1452 illos
1068 1375 1193 1481 poetas
1215 1386 1321 1465 ,cnm-

220 1490 378 1594 positum
405 1511 482 1557 esse
509 1496 545 1556 et
570 1486 697 1556 merito
729 1478 887 1556 tertiae
921 1482 1058 1556 aetati
1079 1484 1319 1582 ²poedis'epi·

208 1614 283 1661 cae
309 1584 489 1659 accenseri
516 1597 633 1683 patet,
691 1606 782 1691 quae
808 1588 846 1655 in
869 1584 1024 1686 Homero
1051 1582 1243 1676 imitando,
1282 1584 1321 1658 ‘e't

221 1692 253 1762 si
280 1688 348 1759 diis
375 1690 549 1786 placeret,
598 1690 702 1758 etiam
730 1686 908 1758 interdum
931 1684 1315 1789 dictionis‘et'ipven·

220 1792 330 1865 tionis
367 1787 557 1886 splendore
595 1787 798 1885 superando
834 1813 1005 1859 sommam
1030 1770 1315 1862 *artis'landem

220 1890 388 1964 collocari
423 1887 614 1981 censebat,
666 1892 703 1962 in
740 1885 934 1992 eademque
969 1886 1050 1979 vla,
1102 1911 1210 1992 qnam
1248 1887 1314 1961 ille

219 1994 442 2093 praeiverat,
488 2013 610 2090 presse
636 2000 894 2094 accurateque,
932 1999 1104 2095 quantum
1130 2014 1198 2086 per
1221 1999 1314 2062 teru-

219 2120 347 2198 porum
374 2092 572 2165 socordiam
598 2091 719 2181 licuit,
771 2089 954 2196 pergebat.
1033 2089 1087 2161 lta
1121 2090 1230 2164 l’acile
1254 2095 1314 2165 in·

219 2193 415 2292 telligitur,
479 2191 570 2265 nihil
610 2216 656 2263 ex
691 2191 907 2265 Graecorum
951 2191 1080 2262 litteris¹
1120 2202 1193 2263 tum
1231 2205 1315 2290 apte

219 2319 300 2371 cum
328 2304 449 2362 nostro
476 2293 631 2365 carmine
658 2294 854 2390 comparari
875 2318 993 2390 posse,
1028 2316 1131 2390 quam
1148 2292 1316 2391 Hymnos

219 2416 310 2492 qnos
337 2388 488 2465 dicimus
509 2393 739 2482 Homericos,
789 2420 939 2492 quorum
966 2419 1049 2490 pars
1073 2404 1167 2471 certe
1193 2395 1315 2473 eidem

218 2494 324 2573 aetati
357 2489 533 2594 originem
568 2520 667 2565 suam
704 2492 822 2567 debet.
903 2493 1024 2594 Quare
1061 2520 1132 2565 non
1161 2520 1315 2591 possum

217 2595 316 2668 hune
348 2595 465 2674 locum
494 2594 716 2693 relinquere,
759 2599 967 2700 priusquam
1001 2619 1063 2666 eos
1090 2597 1198 2667 etiam
1230 2603 1316 2670 attl·

218 2723 326 2795 gero,
388 2698 616 2800 rationesque
649 2721 782 2786 nexus,
839 2700 901 2796 qui
937 2701 1031 2770 inter
1056 2697 1120 2776 hus
1155 2708 1194 2771 et
1221 2698 1313 2772 Seu·

217 2810 293 2868 tum
315 2796 522 2888 intercedit,
575 2799 697 2895 paneis
724 2797 973 2894 explanavero.

317 2900 371 2970 Ao
412 2899 565 2995 primum
609 2897 752 2997 quidem
803 2911 999 2971 memoratu
1044 2899 1194 2999 dignum
1239 2915 1313 2995 est,

216 2999 314 3101 quod
339 2999 384 3079 ad
407 3011 531 3095 poetae
552 3000 665 3074 nostrl
684 3002 895 3073 sententiam
913 3000 1179 3104 intelligendam
1201 3029 1315 3102 saepe

218 3099 440 3196 Hymnorum
457 3100 726 3177 Homericorum
746 3103 960 3204 comparatio
987 3105 1145 3183 omnium
1172 3108 1316 3201 optime

215 3199 345 3278 ducere
372 3226 437 3271 nos
464 3213 588 3299 potest
659 3201 751 3273 Nam
783 3205 814 3273 si
840 3204 991 3302 legimns
1018 3199 1177 3276 &152
1199 3231 1282 3309 seq.

546 3303 647 3377 ὀστέα
672 3311 707 3376 δέ
732 3333 794 3410 σφι
818 3317 891 3403 περὶ
916 3307 1020 3402 ῥινοῖο
1047 3319 1206 3405 σαπείσης
1263 3309 1265 3314 ”

326 3409 458 3500 Σειρίου
484 3403 633 3491 ἀζαλέοιο
659 3413 788 3502 aelatae]
809 3408 955 3485 πύθεται
980 3416 1048 3496 αῗη.

212 3499 305 3677 ἓὲιδίἰ
341 3515 459 3597 potest
492 3496 608 3606 aptius
642 3484 822 3602 conserit,
869 3533 975 3614 quam
1000 3486 1075 3615 Hy.
1103 3508 1142 3583 in
1177 3508 1307 3615 Apoll,

221 3677 222 3680 ,
319 3628 357 3679 80
413 3654 422 3675 ι

361 3627 409 3707 qq
678 3708 763 3787 ἀλλὰ
788 3721 824 3782 σέ
848 3708 880 3799 γ’
909 3708 1013 3785 αὐτοῦ

323 3807 417 3883 πύσει
444 3817 525 3898 γαΐα
554 3816 694 3902 μέλαινα
718 3820 773 3884 καὶ
798 3810 940 3905 ἠλέκτωρ
963 3813 1129 3904 Ὑπερίων.
1153 3855 1206 3873 -

321 3909 439 4002 τὴνδ’
465 3908 572 3984 αὐτοῦ
597 3910 754 3986 κοτέπυσ’
783 3915 871 4012 ἱερὸν
894 3921 993 4005 μένος
1017 3918 1149 4005 ἠελίοιο.

275 4095 321 4162 33)
356 4097 490 4152 Poteram
517 4097 601 4153 etlam
628 4112 863 4164 conmemorare,
906 4100 995 4155 multa
1020 4101 1131 4166 inesse,
1167 4115 1244 4168 quoe
1267 4105 1308 4159 ud

207 4175 301 4240 mores
329 4166 471 4223 hominum
499 4184 651 4236 rerumque
685 4169 863 4224 humanarum
898 4185 932 4222 uo
960 4173 1036 4226 ritae
1062 4170 1202 4227 rationem
1231 4189 1307 4243 per-

207 4240 325 4284 tineant.
362 4232 435 4289 Tota
453 4236 526 4290 enirn
545 4236 690 4292 enarratio
708 4248 817 4305 spectat
836 4237 870 4288 ad
891 4238 1033 4292 hominurn
1051 4237 1213 4304 interitum,
1250 4241 1304 4308 qni

205 4298 388 4355 umalesscils
407 4321 461 4358 non
480 4306 641 4370 abstineam
678 4317 706 4359 et
734 4306 762 4359 in
789 4304 913 4372 singulis
939 4307 1071 4362 versibus
1098 4309 1185 4362 multa
1210 4309 1305 4365 lieni·

207 4368 303 4437 adeam
323 4367 480 4447 dpctrinan
499 4373 528 4428 in
548 4375 709 4433 memoriam
730 4385 879 4436 revocant,
910 4377 1006 4442 qualis
1023 4390 1067 4434 est
1089 4378 1118 4433 in
1138 4378 1164 4432 0
1187 4380 1303 4436 eribus.

207 4437 353 4516 Pronoean
373 4447 485 4560 damen,
521 4439 679 4513 quietalis
706 4459 766 4497 curo
785 4441 936 4499 Homerica
962 4444 1042 4518 poesi
1063 4445 1152 4508 Hesio
1175 4463 1193 4504 o
1219 4467 1303 4506 com·

207 4521 300 4563 manre
318 4520 370 4562 sun
