3044 5264
367 383 420 459 rs
609 350 621 375 ‘
745 393 784 464 n.
809 391 854 466 a.
881 391 1067 469 wouuu

364 592 496 695 quibus
528 591 689 667 fraudem
724 592 864 667 odorari
895 594 1074 668 difficilius
1099 606 1211 686 esset,
1259 619 1365 694 quam
1402 598 1441 668 in

363 699 441 769 istis
466 702 632 795 Χείρωνος
652 697 874 787 Tausiriacum,
909 695 970 768 ubi
997 698 1197 768 Centaurus
1223 695 1266 770 de
1292 700 1441 794 scripto·

362 800 415 871 riu
445 808 520 870 arte
551 796 595 871 ad
625 796 806 869 alumnum
832 823 936 869 sunm
962 809 1200 896 praeceperat.
1265 796 1442 890 Quocirca

361 897 406 971 ab
441 897 511 975 hoc
542 898 779 996 Aristophane
816 924 888 970 nnn
922 910 1059 971 tantum
1095 898 1244 971 Scotum
1280 913 1441 973 nostrum

360 998 469 1098 idque
503 1012 637 1090 totum,
685 999 747 1072 sed
779 1001 883 1072 etiam
915 1002 1121 1073 universum
1155 1002 1354 1094 Κατάλογον
1384 1034 1443 1096 yu-

359 1110 480 1177 ναικῶν
512 1102 604 1172 iuter
636 1099 824 1173 subditiciu
856 1113 1076 1173 numeratum
1111 1101 1242 1192 fuisse,
1288 1101 1375 1173 mihi
1406 1113 1443 1174 et

360 1201 445 1274 oiim
478 1203 516 1274 in
548 1199 716 1301 Prolegg.
760 1229 798 1299 p.
827 1202 980 1276 ccxix
1010 1203 1202 1275 verisimile
1238 1202 1439 1291 videbatur,

359 1330 426 1376 nec
451 1315 572 1400 postea
603 1328 705 1377 secus
733 1305 848 1374 visum
880 1317 954 1393 est,
1006 1305 1134 1400 partim
1160 1302 1323 1401 Catalogi
1355 1306 1441 1376 satis

274 1421 277 1425 ’
349 1402 472 1477 'multu
494 1405 702 1505 'fragmenta
735 1407 977 1500 percensenti,
1015 1407 1142 1501 partim
1171 1417 1317 1501 propter
1341 1404 1441 1475 Aeli·

358 1507 419 1586 ani
443 1503 582 1596 locum,
630 1505 677 1577 V.
707 1505 869 1596 mxu,
895 1503 970 1595 56,
1019 1531 1091 1604 quo
1117 1504 1316 1577 Fabricium
1345 1532 1442 1579 nunc

358 1606 463 1679 video
488 1609 526 1678 in
552 1633 627 1678 eam
654 1609 863 1683 sententium
887 1600 1077 1680 deductum
1100 1632 1177 1681 csse
1196 1606 1258 1705 ¹⁰).
1322 1606 1441 1677 Nimi-

357 1734 437 1781 rum
463 1706 509 1779 ad
539 1719 651 1779 tntum
678 1733 768 1803 opus
799 1713 1000 1802 Καταλόγου
1027 1734 1056 1786 s.
1082 1713 1304 1801 Katatciyuv,
1342 1707 1441 1806 quod

358 1810 390 1881 si
427 1807 559 1882 Snidae
599 1808 797 1898 credimus,
850 1811 888 1880 in
928 1812 1087 1909 quinque
1133 1808 1244 1881 libros
1286 1807 1439 1879 divisum

359 1922 435 1983 erat
454 1908 526 2010 ¹¹),
574 1911 721 1983 minime
756 1910 801 1982 ad
835 1909 903 1983 hoc
935 1911 1084 1984 scutram
1112 1912 1273 2008 ,pertinet
1296 1909 1440 1982 Aeliani

359 2009 555 2083 dubitatio:
592 2015 623 2086 εἰ
644 2014 691 2105 μὴ
713 2012 780 2109 ἄρα
802 2013 863 2086 οὔκ
884 2016 964 2087 εἰσιν
985 2013 1153 2088 Ἡσιόδου
1176 2015 1225 2087 τὰ
1253 2023 1339 2100 ἔπη,
1369 2012 1435 2086 ἀλλ’

358 2114 403 2199 ὥς
425 2114 532 2186 πολλοὶ
559 2123 615 2187 καὶ
639 2115 723 2186 ἄλλα
747 2122 966 2207 κατέψευσται
991 2115 1106 2192 αὑτοῦ.
1166 2112 1266 2206 Quin
1298 2112 1440 2210 longius

358 2212 444 2284 hinc
480 2237 690 2309 progressus
725 2213 937 2288 contendere
962 2216 1080 2305 ausis,
1125 2213 1247 2285 eodem
1281 2226 1440 2309 spectare

358 2310 455 2385 hunc
489 2312 631 2385 Aeliani
666 2313 806 2406 iocum,
854 2341 927 2414 quo
957 2317 1082 2388 tritum
1111 2315 1306 2386 Pausaniae
1337 2313 1439 2383 ilium

360 2413 438 2503 lx,
464 2410 537 2503 51,
560 2410 588 2485 5
624 2412 669 2487 de
700 2418 806 2489 unico
838 2418 994 2488 carmine
1016 2419 1142 2515 Ἔργων
1173 2413 1219 2486 ad
1245 2414 1440 2486 Hesiodum

359 2514 569 2606 referendo,
618 2529 725 2615 atque
753 2517 839 2590 adeo
873 2519 1059 2616 utriusqus
1091 2516 1198 2588 huius
1222 2527 1258 2587 et
1281 2515 1439 2612 plurium

360 2616 510 2689 aliorum
539 2618 751 2714 scriptorum
776 2617 911 2692 similes
941 2617 1266 2691 animadversiones
1297 2616 1342 2690 do
1364 2614 1439 2689 fle·

359 2718 490 2790 sindais
524 2716 607 2790 falsi
644 2721 797 2791 nominis
839 2723 1013 2816 suspectis
1046 2746 1170 2794 omncs
1204 2744 1249 2791 sx
1278 2719 1440 2816 Byzantii

359 2822 579 2919 grammatici
604 2823 863 2894 commentariis
885 2822 1008 2895 ductas
1035 2848 1126 2895 esse.
1196 2822 1244 2891 Et
1268 2819 1439 2891 hactenns

358 2921 451 2994 nihil
475 2923 636 3020 posuisse
661 2922 806 3013 videor,
878 2923 949 2994 uod
983 2950 1056 2995 non
1085 2934 1148 2993 aut
1173 2922 1365 2993 testimonii
1397 2917 1438 2989 fi-

358 3021 439 3095 dem
474 3035 536 3094 aut
581 3025 767 3097 historicae
804 2949 1061 3120 proiabiiitatis
1101 3023 1254 3118 speciem
1294 3018 1435 3092 lrabeat.

357 3122 485 3220 Neque
523 3122 684 3197 obscuris
722 3126 933 3221 scriptorum
969 3124 1057 3197 locis
1093 3149 1179 3195 usus
1213 3148 1291 3193 sum
1319 3122 1357 3191 in
1382 3119 1439 3192 his

357 3220 547 3318 omnibus3
599 3224 704 3297 modo
740 3225 843 3298 aliter
873 3253 952 3298 sum
987 3250 1099 3316 usus,
1149 3250 1190 3297 uc
1222 3220 1317 3295 docti
1353 3224 1436 3311 viri,

275 3383 279 3391 .
358 3348 449 3422 quos
474 3350 580 3421 snpra
607 3328 800 3398 nominavi.
873 3326 1098 3426 Quamquam
1132 3328 1207 3430 veri
1242 3337 1377 3420 partem
1404 3337 1440 3414 et

255 3519 256 3522 Ἴ
358 3424 412 3496 illi
456 3426 622 3498 viderunt
663 3438 699 3500 ut
739 3426 920 3528 aliquanto
958 3441 1039 3502 ante
1080 3425 1344 3515 Gruddeclsius‚
1394 3425 1440 3496 dc

356 3533 492 3615 Ἠοίαις
516 3527 653 3601 erudite
678 3540 954 3625 commentatum
992 3555 1097 3629 quem
1124 3553 1166 3600 eo
1196 3529 1309 3626 magis
1331 3527 1441 3596 miror

357 3653 473 3726 nuper
498 3629 566 3704 hoc
591 3640 730 3707 scutum
756 3632 808 3705 sic
838 3631 982 3704 laudare
1007 3631 1184 3729 potuisse,
1221 3640 1263 3700 ut
1293 3628 1332 3700 id
1360 3629 1439 3726 pul·

425 3947 470 4002 1⁰)
488 3944 569 4001 sude
588 3946 635 4000 hie
652 3946 737 4000 etiam
755 3945 935 4017 scaligerum
952 3948 974 4004 Ι.
992 3949 1030 4002 1.:
1051 3977 1082 3989 -
1105 3948 1271 4017 quisquis
1296 3947 1367 4002 snit
1388 3964 1439 4000 au-

357 4021 421 4066 utor
436 4018 486 4065 τῶν
500 4012 592 4066 ’Hunis
609 4016 652 4066 aui
668 4021 714 4085 τῆς
728 4015 859 4078 struitur,
889 4034 970 4086 quam
989 4031 1175 4090 praepostero
1194 4017 1301 4072 iudicio
1319 4016 1438 4072 critico-

358 4097 419 4135 rum
438 4083 516 4137 ustio
533 4088 687 4140 Ascraeo
705 4085 771 4140 illi
791 4088 934 4143 tribuis

398 4178 469 4256 .¹¹)
488 4177 660 4234 Dubitauter
686 4180 792 4247 loquor
819 4181 855 4236 de
885 4181 943 4236 tide
970 4180 1091 4247 Suidae,
1131 4178 1299 4253 praesertim
1329 4176 1439 4232 Suidae

357 4260 441 4298 nnana
460 4257 489 4301 aa
508 4248 560 4300 tali
579 4247 609 4301 in
629 4265 668 4303 re.
704 4249 817 4304 Grande
835 4250 910 4304 enim
927 4267 999 4321 opus
1017 4251 1120 4316 tuisse,
1155 4255 1371 4318 tragmemornua
1391 4267 1438 4302 aa·

357 4314 446 4368 rictas
471 4316 573 4384 arguit.
625 4318 727 4385 Neque
751 4319 868 4374 aliunde
892 4337 974 4388 quum
998 4338 1036 4375 ex
1063 4320 1256 4391 magnitudine
1286 4317 1439 4372 voluminis

355 4395 482 4451 ttwtlm
502 4396 608 4456 partem
625 4384 672 4444 wis
688 4387 800 4452 μεγάλας
816 4388 903 4449 Ἠοίας
921 4391 976 4444 noc
1000 4406 1100 4445 nonen
1119 4404 1200 4444 suam
1216 4387 1366 4460 aaoepirac
1385 4405 1438 4459 pn-

357 4465 429 4519 acm,
455 4456 565 4525 quota
582 4457 693 4510 nemine
711 4457 887 4528 explicatum
904 4459 1029 4513 memini.
