3044 5264
234 520 243 528 Α
333 408 417 486 ero
552 417 555 421 ’
607 377 890 490 eremius
924 411 1184 489 corneus·

244 680 252 690 .
332 649 391 696 ται
413 617 471 692 ὑπ’
501 614 662 713 αὐλητῆρι
685 622 845 701 ἕκαστοςι
871 613 910 683 in
935 610 1029 704 BD,
1056 610 1129 683 nisi
1155 609 1252 710 quod
1278 619 1339 688 οὐκ
1363 639 1432 709 pro

335 714 398 798 οὖν
420 720 460 789 in
487 715 521 786 1)
544 725 679 787 exstatz
719 714 814 788 unde
840 739 921 786 eum
944 715 1083 811 aceepit
1097 710 1185 784 Ald.
1212 723 1248 785 et
1269 738 1315 786 ex
1335 714 1431 787 Aido

231 803 236 820 ⁸
334 820 467 919 reliqui
493 816 669 908 editores,
706 816 755 889 ito
780 826 821 889 nt
847 816 972 888 Trine.
998 815 1088 888 adeo
1112 840 1256 887 versum
1279 817 1319 886 in
1348 816 1432 887 Tri·

308 921 493 1021 ⁸olinisno
518 917 640 992 codiee
664 942 738 990 non
760 929 942 1016 repertum
964 943 1032 990 nee
1063 942 1084 989 s
1117 916 1279 991 [λίσσοιτο
1316 920 1431 1015 expli·

334 1034 474 1115 catum,
521 1022 698 1119 patienter
736 1021 924 1117 reciperet.
990 1019 1209 1116 interpretes
1247 1020 1357 1116 prirni
1391 1022 1431 1091 in

333 1150 442 1198 versu
478 1124 518 1196 in
563 1121 713 1193 latinum
756 1146 956 1196 sermonem
991 1119 1242 1194 transferendo
1277 1132 1315 1194 et
1347 1147 1430 1194 enm

333 1225 485 1326 reliquis
531 1223 776 1299 connectendo
812 1225 945 1295 frustra
988 1221 1210 1296 desudarunt
1218 1248 1231 1317 3
1251 1276 1258 1282 -
1277 1223 1429 1296 tandem

333 1328 510 1401 Graevius
542 1324 705 1397 fraudem
736 1324 888 1417 detexit,
943 1323 1008 1397 sed
1049 1334 1224 1414 παίζονται
1262 1327 1427 1423 scripsit3

335 1427 490 1502 Gnietns
515 1439 611 1501 cente
634 1436 808 1517 παίζουσιν
833 1425 1062 1499 scribendum
1086 1428 1198 1498 fuisse
1223 1426 1314 1498 vidit
1321 1455 1334 1522 3
1372 1454 1430 1500 re·

333 1531 512 1623 nentiores
546 1553 671 1602 omnes
707 1530 809 1602 nneis
843 1527 975 1600 additis
1010 1554 1154 1601 versum
1186 1540 1283 1603 recte
1307 1540 1429 1603 sustu·
1501 1600 1506 1612 ,

333 1630 469 1707 lerunt.
508 1629 618 1704 Voss.
642 1630 801 1730 Randql.
829 1657 868 1729 p.
888 1627 960 1701 80.

362 1755 365 1772 ⁴
433 1728 534 1805 500.
586 1737 808 1830 βριθόμενος]
844 1733 1012 1827 σειόμενος
1036 1732 1086 1804 Η.
1110 1779 1162 1795 --
1210 1735 1431 1828 μελίνθησοίν

143 1832 144 1840 ¹
219 1853 224 1863 '
330 1869 370 1933 χε
393 1846 454 1930 μὲν
478 1837 566 1938 αίόε]
591 1837 812 1928 μελάνθησάν
832 1867 870 1928 χε
894 1845 956 1930 μὲν
978 1837 1052 1930 α’ίχε
1070 1835 1195 1910 Trine.
1249 1868 1287 1928 μ.
1308 1843 1343 1908 δὲ
1367 1848 1471 1929 μὲν·

331 1940 404 2032 αἵγε
428 1938 508 2008 ΗΒ
533 1960 554 2007 a
580 1962 637 2033 pr.
667 1962 717 2005 m.
746 1936 877 2008 le.
930 1969 965 2030 μ.
992 1944 1027 2010 δὲ
1056 1950 1117 2031 μὲν
1147 1939 1219 2011 αἵδε
1249 1936 1280 2010 Β
1306 1964 1326 2007 o
1350 1961 1425 2008 see.

329 2064 382 2113 m·
424 2034 741 2111 CDGRNOSV
781 2035 865 2107 Aid.
916 2038 973 2109 lu.
1005 2032 1043 2108 1.
1077 2034 1118 2108 2.
1177 2038 1279 2109 Bass.
1328 2037 1422 2135 Bog.

311 2137 526 2240 ‚Schmidt.‚
540 2135 618 2211 sch.
633 2138 735 2209 Mon·
763 2141 871 2214 »aitte
888 2148 924 2212 σί
940 2148 1144 2242 σταφυλαί.ι
1175 2173 1212 2234 μ.
1229 2149 1264 2215 δὲ
1276 2153 1338 2235 μὲν
1354 2141 1428 2215 αἵδε

329 2239 512 2313 Wintert.
545 2283 597 2297 —
660 2235 898 2311 scrihendum
935 2251 1012 2312 erat
1047 2241 1266 2335 μελάνθησάν
1298 2274 1336 2335 χε
1367 2255 1430 2337 μὲν

330 2344 404 2417 αἵδε
429 2367 509 2414 curn
534 2339 690 2416 Wolfio.
715 2357 790 2401 -·
819 2341 971 2437 Propter
999 2345 1182 2415 notionem
1215 2343 1313 2415 vocis
1347 2374 1428 2417 στα-

328 2454 436 2544 φυλαί
460 2445 529 2517 cfr.
558 2441 696 2515 Athen.
709 2441 817 2535 XIV,
845 2469 883 2540 p.
898 2439 996 2514 655:
1040 2446 1205 2542 »Κράτης
1229 2453 1263 2520 ἐν
1288 2453 1427 2545 δευτέρῳ
1500 2473 1502 2477 ’

325 2550 413 2619 'Arm
436 2554 524 2621 διαλ.
550 2553 585 2624 ἐν
608 2559 680 2630 τοῖς
704 2545 821 2639 ίίμνοις
844 2557 916 2642 τοῖς
941 2547 1095 2642 ἀρχαίοις
1115 2548 1251 2647 φάσκων
1270 2553 1346 2623 ἀντὶ
1366 2558 1427 2622 τοῦ

325 2646 471 2744 βότρυος
495 2649 557 2737 τὴν
584 2650 757 2746 σταφυλὴν
788 2658 924 2722 κεῖσθαι
956 2651 1010 2724 διό
1037 2653 1163 2725 τούτων
1195 2647 1316 2753 αὐτῇσι
1345 2679 1427 2723 στα-

326 2757 452 2853 φυλῇσι
475 2754 667 2851 μελαίνῃσιν
690 2749 911 2841 κομόωντες·
1270 2825 1272 2831 ,

428 2851 543 2924 Totus
568 2847 629 2923 hie
654 2849 756 2922 loeus
781 2875 802 2920 n
829 2876 936 2922 versu
953 2846 1034 2921 295
1060 2848 1241 2950 usquead
1267 2875 1322 2923 vs.
1336 2846 1425 2922 500

323 2948 499 3050 plurimos
534 2953 670 3025 creavit
702 2950 961 3048 interpretibus
992 2952 1240 3042 difficultates,
1290 2950 1425 3049 quibus

324 3053 552 3126 removendis
575 3079 683 3150 opera
708 3053 870 3125 novanda
889 3066 958 3127 est.
1013 3056 1064 3127 Αο
1086 3079 1230 3125 versum
1249 3051 1328 3124 299
1354 3056 1423 3127 ism

291 3177 299 3185 ·
324 3152 551 3226 sustulimus.
617 3154 701 3248 Quo
727 3156 881 3248 eieoto‚.
908 3158 972 3255 qui
998 3167 1135 3227 restent
1166 3167 1246 3228 ooto
1278 3181 1421 3247 versus,

322 3253 393 3324 ism
439 3252 502 3326 din
541 3257 581 3327 in
615 3254 719 3329 tibris
766 3257 836 3348 ita,
887 3269 928 3330 ut
967 3283 1064 3330 nune
1103 3256 1421 3351 circumferuntur,

304 3348 475 3452 ¹scriptos
514 3356 649 3448 fnisse,
694 3356 852 3430 ostendit
886 3360 1003 3458 Etym.
1039 3360 1116 3451 M„
1157 3360 1196 3430 in
1224 3383 1296 3458 quo
1321 3384 1423 3456 pror-

213 3475 215 3479 ‘
321 3480 384 3529 sus
408 3456 544 3531 eadem>
561 3459 738 3555 scripturn
763 3472 923 3558 apparet.
987 3460 1168 3559 Imprimis
1203 3458 1276 3534 huo
1311 3462 1422 3557 perti·

319 3568 383 3630 net
417 3584 456 3655 p.
471 3556 568 3650 6521,
595 3554 653 3630 51
673 3585 802 3661 seqq-t
857 3564 1058 3659 εὌρχατος,
1094 3568 1246 3656 σημαίνει
1271 3564 1423 3637 stena-

318 3659 490 3758 ροίὸεισον,
532 3663 594 3753 τὴν
619 3670 772 3765 φυτείαν,
820 3664 868 3739 δι’
905 3661 945 3754 ἧς
980 3666 1162 3763 ἐρχόμεθα.
1204 3673 1353 3764 διαφέρει
1385 3672 1422 3738 δὲ

318 3761 437 3864 όρχοῦ·
474 3764 573 3862 όρχὸς
596 3764 661 3863 χοίρ
686 3775 777 3841 ἐστιν
800 3766 818 3841 ό
843 3766 995 3862 βόθρος,
1032 3771 1079 3854 εἰς
1105 3768 1145 3842 όν
1170 3769 1351 3854 είςτλθεται
1376 3768 1420 3839 τοί

316 3867 409 3960 φυτὰ
431 3867 517 3963 πρός
541 3878 716 3962 μοσχείανῑ
740 3869 833 3967 παρὰ
855 3870 895 3942 τό
922 3870 1062 3967 όρόσοω,
1089 3870 1210 3966 όρυχόν
1227 3899 1302 3942 τινα
1325 3867 1420 3942 όντοι.

316 3963 459 4058 ὄρχατος
490 3976 526 4042 δὲ
557 3970 579 4058 ἡ
612 3978 776 4064 ἐπίστιχος
804 3976 926 4070 φυτεία,
952 3972 1044 4067 τιαροί
1071 3972 1111 4045 τό
1142 3979 1311 4066 ἔρχεσθαι.
1363 3981 1420 4044 καὶ

311 4063 556 4168 Ἀριστοφάνης
585 4073 625 4144 τό
650 4073 775 4164 μεταξὺ,
798 4078 865 4145 τῶν
893 4083 1022 4169 φυτῶν,
1064 4072 1241 4166 μετόρχιον
1271 4073 1420 4145 ἐκάλεσεν

313 4171 349 4238 ἐν
372 4178 443 4253 τοῖς
468 4178 644 4266 Γεωργοῖς.
682 4171 811 4271 (Diod.
841 4173 887 4246 fr.
910 4168 1019 4265 168.)
1063 4175 1143 4249 ὁδε
1165 4174 1332 4257 Ἡσίοδος
1352 4172 1417 4265 όρ·

309 4267 372 4360 χὸν
396 4276 481 4359 λέγει
500 4272 563 4360 τὴν
576 4281 742 4368 ἔσλστιχον
760 4286 904 4373 φυτείαν
920 4284 983 4350 τῶν
1001 4274 1165 4368 ἀμπέλων·
1206 4282 1245 4347 Οἱ
1268 4273 1302 4346 δ’
1333 4267 1411 4346 αὖτ’

311 4376 345 4454 ἐς
363 4370 530 4463 ταλάρους
545 4415 595 4429 —-
618 4385 736 4472 ἔφερον
757 4377 904 4470 βότρυας
925 4376 1077 4468 μεχοίλων
1097 4377 1164 4450 sind
1185 4375 1290 4472 όρχῶν
1306 4370 1407 4470 (εἱολε

310 4515 361 4530 —-
385 4482 441 4549 καὶ
461 4472 576 4558 πόλιν,
603 4517 653 4532 -
690 4481 784 4579 παρὰ
811 4485 848 4551 δέ
866 4509 980 4578 σφισιν
1004 4479 1103 4578 ὄρχος
1118 4477 1255 4576 χρόσεος
1275 4470 1335 4567 ipsa
1358 4521 1410 4534 -
