3044 5264
345 398 397 473 iv
511 344 514 349 Α
746 397 1023 474 rnnunano.

345 599 523 675 Versabar
548 599 814 700 Quodlinbnrgi
836 612 872 672 ct
895 600 1027 675 laetitia
1056 600 1229 676 efferebar
1252 628 1295 675 ac
1319 605 1426 703 gesti-

343 729 465 822 ebam,
521 732 802 828 quotiescunque
834 755 879 802 ex
904 731 1021 801 vicina
1057 732 1146 802 urbe
1183 732 1286 803 amici
1318 755 1426 802 manu

342 857 484 930 chartae
511 856 718 929 Wolfianae
744 855 987 928 mittebantur.

442 987 560 1082 Atque
585 1008 799 1082 quamquam
830 983 991 1055 futurum
1017 1006 1073 1054 mc
1099 1008 1245 1079 operum
1271 981 1426 1055 Wolfia·

341 1137 469 1185 norum
495 1111 665 1184 editorem
695 1113 763 1184 iam
789 1111 852 1183 ilio
868 1123 1035 1209 ‚tempore
1065 1112 1229 1184 iioertius
1263 1109 1424 1210 designa·

340 1251 460 1329 verat,
508 1250 627 1310 umen
652 1265 718 1338 ego
745 1242 860 1310 omnis
887 1248 1013 1337 expers
1039 1265 1144 1311 curae
1173 1250 1360 1338 metusque
1386 1242 1425 1311 in

340 1370 485 1467 negotio
511 1367 599 1439 mihi
625 1367 789 1440 mandato
822 1366 1027 1467 pergebam.
1112 1366 1294 1462 Quantum
1328 1371 1423 1440 enim

339 1520 431 1569 onus
457 1496 694 1593 susciperem,
742 1506 878 1594 quanto
901 1495 1022 1569 officio
1048 1497 1292 1594 inposterum
1317 1495 1422 1569 debe-

339 1618 399 1695 ret'
430 1624 620 1716 satisfieri,
680 1624 839 1724 qnidquc
873 1622 1113 1722 postularetur
1153 1622 1198 1696 ab
1233 1650 1300 1715 eo,
1358 1628 1420 1723 qui

338 1749 725 1850 Wolfiilreliqniarum
759 1775 838 1823 sese
864 1751 1033 1823 editorem
1069 1750 1228 1849 proiitcri
1252 1752 1418 1826 auderet:

338 1878 415 1948 eins
449 1879 501 1948 rei
534 1879 595 1948 vix
627 1876 805 1950 interdum
840 1879 1007 1975 cogitatio
1033 1875 1152 1976 aliqua
1183 1879 1327 1949 anxium
1362 1902 1419 1950 me

336 2006 446 2075 animi
468 2015 577 2102 atque
601 2003 793 2077 sollicitum
819 2003 1002 2078 reddebat.
1079 2002 1152 2075 Sed
1177 2031 1250 2102 quo
1275 2004 1418 2103 longius

335 2130 612 2229 progredietur,
667 2159 710 2205 eo
735 2134 850 2232 magis
875 2130 1102 2205 mutabantur
1126 2135 1258 2206 omnia.
1334 2134 1418 2205 Per·

335 2262 446 2332 multa
479 2262 573 2333 enim
600 2259 764 2334 inchoata
786 2258 1028 2334 tantummodo
1053 2257 1098 2331 ab
1123 2284 1167 2332 eo
1198 2260 1416 2351 inuenerem,

335 2387 468 2485 quippe
499 2388 564 2485 qui
594 2385 729 2459 nullam
763 2410 835 2458 non
861 2387 1035 2485 attigisset
1068 2384 1194 2457 harum
1221 2385 1416 2459 litterarum

333 2504 491 2611 partem3
541 2513 712 2586 nonnulla
738 2525 808 2586 tam
833 2539 944 2612 prope
969 2538 989 2584 a
1015 2514 1233 2612 perfectione
1254 2512 1414 2606 aberant,

331 2642 471 2711 ut'nou
497 2641 568 2711 nisi
593 2639 716 2712 ultima
742 2665 868 2712 manns
883 2640 1017 2725 ¹deesse
1042 2654 1078 2713 et
1102 2640 1301 2713 mirandum
1327 2639 1416 2712 mitt

330 2760 536 2855 videretur,
590 2765 679 2864 quid
708 2779 885 2840 auctorem
923 2765 968 2838 ab
1003 2765 1160 2839 editione
1186 2766 1414 2856 retinuisset,

331 2890 396 2965 sed
413 2891 506 2965 nihil
525 2896 691 2986 omnino,
726 2895 823 2993 quod
847 2894 898 2967 ab
925 2897 1038 2966 omni
1063 2905 1187 2989 parte
1212 2890 1413 2964 absolutum

330 3019 479 3111 suisset,
528 3019 698 3092 videram.
752 3022 856 3094 Tunc
882 3019 1023 3091 demum
1050 3016 1139 3116 quid
1162 3019 1214 3090 rei
1241 3028 1334 3091 esset
1357 3018 1412 3088 in-

329 3144 546 3245 telligebam.
601 3154 654 3220 Ac
678 3150 785 3220 timor
810 3174 866 3220 me
891 3146 1067 3247 angebat,
1101 3147 1237 3218 ueniri
1262 3143 1412 3245 gloriam

327 3296 407 3379 men
430 3297 537 3391 opera
560 3275 780 3366 minuerem,
828 3275 931 3346 cuius
955 3272 1096 3344 laudem
1123 3297 1265 3387 augere·
1280 3281 1316 3343 et
1338 3296 1411 3341 nm·

170 3448 201 3475 ·.
327 3398 507 3497 piiiicare,
542 3402 574 3471 si
598 3399 678 3472 tieri
703 3413 844 3500 posset,
881 3410 958 3473 erat
978 3401 1017 3472 in
1041 3400 1134 3472 votis
1157 3409 1195 3471 et
1217 3392 1408 3471 in'officio.

325 3528 424 3600 Hinc
449 3528 582 3601 motum
613 3538 689 3621 est,
744 3540 786 3601 ut
815 3526 903 3601 licet
930 3527 1132 3600 admonitus
1163 3551 1184 3599 a
1215 3523 1410 3599 Guilieimo

326 3657 492 3749 lioertio,
534 3669 575 3728 nt
595 3655 747 3729 celerius
774 3654 1010 3755 progrederer
1032 3656 1070 3726 in
1099 3678 1205 3752 opero
1228 3665 1408 3753 suscepto,

324 3785 498 3856 excitatns
537 3783 627 3857 God.
660 3784 856 3857 Burmanni
895 3782 1159 3872 cohortatione,
1218 3785 1410 3882 castigatus

324 3911 478 4012 deniqne
507 3913 698 3986 amicornm
730 3936 815 3986 voce
844 3912 1238 4005 coniunctissimorum,
1291 3924 1409 3985 tamen

322 4044 429 4114 nimis
452 4041 514 4113 diu
532 4052 731 4115 cunctarer.
798 4038 870 4113 Sed
898 4039 1039 4113 tandem
1067 4039 1259 4140 aliqnando
1280 4065 1408 4113 nomen

322 4170 553 4265 solvendum
615 4170 800 4268 promissis
843 4168 901 4240 vel
939 4170 1079 4242 incaute
1116 4168 1209 4241 datis
1243 4166 1407 4240 standum

320 4307 417 4390 erat3
453 4294 567 4369 audeo
582 4297 693 4394 igitur
708 4292 915 4392 particulam
931 4291 1102 4392 aliquam,
1134 4294 1407 4392 quae-specimi-

319 4427 375 4498 nis
395 4425 473 4499 loco
500 4448 577 4497 esse
603 4425 731 4522 possit,
765 4424 849 4494 airis
875 4420 988 4500 doctis
1010 4446 1223 4521 proponere,
1257 4446 1406 4522 eamque
