3044 5264
359 402 439 483 tto
630 411 911 494 APPARATUS
942 414 1168 498 cmutcos

358 619 515 715 bestat,
542 622 641 697 etin
665 621 862 720 marginem
877 620 1057 695 nonnulla
1080 625 1293 699 coniecerat.
1344 625 1443 702 Haeo

357 723 613 817 uaeisfflddidi,
642 747 715 797 non
735 747 928 822 suppresso
952 724 1153 798 Heinriobii
1177 728 1345 823 nomine5
1380 755 1442 802 ne·

356 853 427 927 que
442 826 581 925 'reliqui
615 825 767 918 intucta,
806 825 838 897 si
863 851 934 925 qua
954 836 1139 925 praeterea
1162 828 1203 900 in
1234 830 1313 901 eius
1339 829 1443 904 obar-

355 943 401 1006 ω
427 952 664 1120 Γθῑξξιθεῖῗξῗ
706 1037 748 1100 nt
782 1052 849 1125 pun
887 1039 984 1120 erat,
1039 1040 1076 1104 et
1112 1033 1300 1130 congessi,
1349 1057 1442 1130 quaa

353 1137 425 1211 inan
459 1158 481 1206 a
513 1129 693 1230 prioribus
727 1129 830 1201 Sonti
867 1129 1065 1211 editoribus
1092 1157 1136 1204 ex
1169 1131 1354 1206 codicibus
1379 1160 1441 1206 ex·

354 1247 474 1336 oerpta
486 1232 576 1323 vidi,
604 1241 641 1305 et
661 1232 757 1329 ipsos
783 1229 937 1303 editores
952 1229 998 1304 ab
1008 1230 1105 1307 Aldo
1121 1231 1167 1305 ad
1183 1234 1441 1335 Goettlingiuna

353 1355 470 1439 usqne
506 1331 671 1408 consului
708 1329 921 1432 plerosque3
977 1335 1009 1405 si
1042 1336 1130 1433 quid
1165 1348 1260 1409 esset
1289 1338 1440 1411 alicuius

352 1440 480 1538 pretii,
508 1435 650 1527 notavi;
681 1435 855 1507 nonnulla
881 1436 1001 1527 etiam,
1028 1462 1120 1534 quae
1143 1432 1283 1521 nullius
1305 1449 1439 1530 essent,

352 1540 525 1615 librorum
553 1533 684 1610 indolis
706 1533 918 1634 aperiendae
945 1562 1069 1609 caussa
1093 1564 1164 1610 uon
1189 1541 1370 1636 praeterii.

455 1637 563 1738 Quod
587 1647 770 1737 superest,
802 1632 916 1712 libros
941 1663 1049 1710 manu
1075 1642 1247 1738 scriptos,
1282 1643 1345 1740 qui
1370 1639 1439 1712 bu·

351 1747 409 1819 ius
433 1750 621 1843 apparatus
643 1741 682 1811 iu
704 1735 866 1813 fontibus
892 1737 1059 1828 fuerunt,
1087 1751 1281 1840 unusque,
1306 1740 1439 1842 quibus

351 1844 513 1948 singulos
565 1865 703 1940 uosque
726 1839 950 1938 significavi,
991 1840 1086 1913 insta
1106 1842 1270 1915 exhibui.

516 1869 570 2018 12·
600 1940 681 2016 cod.
709 1939 801 2015 bibl.
830 1967 908 2040 reg.
938 1943 1051 2015 Paris.
1076 1939 1187 2015 2708

515 2046 566 2117 Β.
593 2040 674 2116 eod.
692 2040 792 2114 bibl.
820 2068 898 2141 reg.
926 2039 1123 2129 bansta

518 2145 565 2219 C.
593 2141 674 2218 eod.
703 2142 975 2242 Vitebergeusis
1001 2146 1199 2218 Hermanui

513 2246 564 2318 Ι).
597 2242 678 2317 eod.
705 2241 796 2315 bibl.
824 2270 901 2345 neg.
928 2246 1042 2318 Paris.
1070 2240 1172 2319 2551

353 2404 356 2409 -
514 2347 565 2421 Ε.
595 2344 675 2419 eod.
707 2342 798 2417 bibl.
825 2371 903 2445 reg.
928 2347 1042 2419 Paris.
1065 2343 1173 2419 2775

514 2448 562 2521 F.
591 2444 671 2521 eod.
696 2443 786 2518 bibl.
815 2472 892 2546 reg.
918 2447 1032 2520 Paris.
1054 2445 1161 2524 2772
1310 2509 1311 2512 ,

519 2549 567 2624 G.
596 2546 676 2624 cod.
705 2544 796 2622 bibl.
823 2575 901 2649 reg.
929 2550 1044 2624 Paris.
1073 2545 1183 2623 2855

512 2650 565 2724 11.
593 2648 673 2722 end.
703 2649 917 2723 llnrleianus
943 2648 1169 2726 Robinsoni'

512 2753 549 2826 Ι.
586 2750 665 2824 ooal.
694 2749 971 2850 illosquensisb

513 2853 566 2928 li.
595 2851 675 2926 cod.
700 2854 971 2951 illosquensiso

511 2956 560 3029 1..
587 2953 669 3028 cod.
693 2954 998 3052 cantabrigiensis
1025 2955 1207 3030 Gaisl'ordi

513 3056 574 3130 Μ.
601 3054 681 3129 cod.
706 3055 890 3127 Mediceus
916 3055 1084 3126 Doavillii

512 3183 560 3228 m.
589 3154 669 3228 eod.
699 3157 844 3228 Parisiis
869 3182 889 3227 a
916 3155 1128 3230 Tbiersebio
1153 3151 1304 3232 ebibatus

511 3256 565 3329 Ν.
594 3254 675 3328 cod·
704 3257 819 3328 Paris.
854 3257 1057 3330 Tbiensobii

402 3402 416 3425 -2
516 3355 563 3431 0.
592 3354 673 3429 eod.
702 3358 815 3430 Paris.
845 3354 980 3457 (2765)
1014 3358 1220 3434 Rubnbenii

512 3458 559 3530 P.
589 3457 676 3531 eod..
696 3457 879 3531 Palatinus
902 3460 1114 3534 commelini

514 3558 559 3631 S.
588 3557 669 3632 ood.
694 3555 1061 3634 Subellersbemiunus
1080 3589 1112 3634 s.
1137 3561 1364 3637 Flos-eatinus

516 3661 562 3745 Τ.
592 3658 673 3732 ootl.
702 3660 861 3732 Venetus
887 3662 1053 3734 Triclinii
1169 3665 1173 3675 '

513 3760 561 3836 V.
589 3759 670 3834 cod.
698 3760 988 3835 Vretislaviensis
1013 3763 1358 3864 olibedigenanos.

512 3862 618 3935 Diuo.
647 3859 782 3936 sebolia
805 3866 1066 3960 paraphrastica
1092 3865 1244 3940 Diaconi
1394 3917 1396 3921 -

511 3965 549 4035 d.
578 3962 713 4036 sobolis
739 3961 983 4062 teobnologicn
1008 3965 1099 4039 alius
1122 3967 1274 4043 Diaconi

509 4062 542 4162 Ι.
571 4061 705 4137 scholio
729 4067 992 4161 paraphrastica
1016 4066 1097 4141 cod.
1125 4068 1170 4141 F.
1330 4131 1333 4134 .

509 4163 561 4261 qt.
589 4166 626 4235 b.
662 4163 802 4265 glossae
827 4165 907 4238 eod.
931 4166 977 4238 B.

509 4263 616 4335 Mon.
642 4266 715 4337 seb.
744 4263 879 4339 sobolis
904 4266 1131 4345 Monacensis
1158 4270 1239 4345 eod.
1263 4269 1311 4346 91

511 4362 601 4435 Bas.
621 4366 694 4439 seb.
723 4364 857 4439 sobolis
888 4394 978 4467 quae
1008 4371 1156 4446 'l'zetaae
1182 4372 1351 4448 dicuntur
1385 4374 1432 4449 ab

726 4465 888 4564 Oporino
913 4470 1018 4544 edita.
