3044 5264
327 383 430 487 'aaa
627 416 907 493 aerumans
939 416 1163 494 murena.

449 616 519 693 28.
571 622 713 720 ὕφαινε]
759 622 827 693 »ln
863 622 906 693 B.
945 620 1134 712 recentiori
1173 643 1282 692 manu
1317 618 1440 718 ἀφαινε

351 718 525 797 mutotubr
552 733 606 794 eat
631 723 671 794 in
694 725 813 820 ὕφηνα,
857 734 893 794 et
917 736 1030 819 supra·
1051 720 1236 809 literam·a
1259 713 1358 794 velut
1380 720 1438 793 in·

351 834 664 922 terpretnmentum
691 824 865 897 adiectum
884 856 951 898 aa«
990 821 1129 897 iio‘ebia
1145 825 1278 922 ἀφαίνιι
1292 878 1297 893 .
1311 821 1439 895 lemma

352 928 454 998 Mon.
863 976 887 983 ,.
1055 987 1059 995 .
1123 989 1135 998 ,,
1242 987 1246 993 .

324 1083 332 1099 .
451 1032 552 1129 μετά]
577 1031 663 1105 κατά
687 1026 747 1119 Μ,
783 1025 847 1098 sed
871 1059 922 1123 pa.
938 1026 1062 1124 primis
1085 1024 1215 1097 litteris
1241 1026 1438 1123 superseri·

378 1140 452 1202 tum
480 1142 546 1202 est.
835 1194 837 1198 .
893 1165 896 1169 ·
1066 1142 1098 1149 ”
1195 1130 1199 1141 ’
1245 1192 1248 1197 .

352 1155 377 1227 p
453 1233 562 1334 ὄφρα]
588 1230 632 1318 ἀς
656 1265 700 1328 ρα
726 1229 1029 1318 AFHIMmN‚
1062 1227 1126 1300 sed
1152 1231 1189 1299 in
1220 1231 1249 1300 Α
1276 1224 1438 1300 additum

353 1332 393 1403 in
430 1337 588 1429 margine
613 1366 665 1430 γρ.
690 1332 800 1429 ἀρραη
837 1333 875 1403 in
900 1332 968 1402 lM
994 1330 1137 1403 ene-lisia
1165 1357 1236 1401 non
1261 1328 1435 1422 admissa3

352 1434 391 1504 in
417 1433 434 1503 Ι
462 1436 608 1530 insuper
632 1467 649 1520 ς
672 1432 823 1523 excidit,
852 1434 882 1503 si
911 1445 1005 1505 reete
1027 1432 1118 1504 baec
1139 1431 1313 1527 descripta
1338 1442 1436 1501 sunt.

453 1529 518 1604 29.
575 1535 715 1632 ἀνδράσι
738 1535 794 1633 τ’]
819 1535 973 1631 ἀνδράσιν
996 1536 1121 1607 vitiose
1146 1533 1188 1603 B.
1211 1530 1297 1604 Ald.
1323 1532 1380 1602 lu.
1396 1527 1437 1608 ,1.

352 1634 436 1706 Bas.
455 1632 494 1719 1,
522 1634 586 1707 aed
617 1636 906 1731 interpretatione
943 1633 1060 1708 addita
1094 1635 1165 1706 »Et
1190 1632 1409 1706 bominibus.
1425 1666 1445 1737 a·

351 1736 498 1834 Reliqui
525 1762 652 1808 omnen
673 1737 811 1832 ἀνδράσι
836 1744 882 1811 τ’.
1383 1733 1389 1746 ’

452 1842 672 1938 ἀλφηστῇσιν]
698 1844 883 1940 άλφηστῇσι
904 1865 952 1911 m.
995 1839 1188 1940 άλφιστῇσιν
1202 1837 1269 1910 FG
1283 1831 1433 1909 IROV.

367 2002 387 2031 ,,
447 1947 536 2040 Ἀἀρῆς
556 1939 717 2036 ἀλκτῆρα]
754 1937 853 2010 Libri
876 1941 988 2012 nostri
1010 1942 1132 2036 scripti
1157 1950 1193 2010 et
1211 1937 1297 2010 editi
1314 1961 1438 2008 omnes

221 2108 225 2125 ,
352 2042 581 2112 consentiunt
606 2041 642 2109 in
669 2040 735 2110 bae
767 2040 961 2137 scriptura,
999 2067 1105 2138 quom
1142 2042 1210 2111 iam'
1241 2038 1437 2111 Herodiani

352 2152 511 2237 tempore
552 2138 732 2237 uolgatam
776 2152 812 2212 et
856 2153 954 2214 extra
990 2140 1246 2213 dubitationem
1288 2141 1438 2237 positam

353 2243 488 2327 fuisse,
536 2240 640 2313 doeet
664 2239 777 2312 oeboi.
805 2242 897 2313 Ven.
921 2253 969 2327 Σ,
996 2237 1124 2331 100,”
1148 2241 1245 2339 quod
1278 2254 1332 2314 est
1364 2240 1438 2311 He·

352 2340 506 2414 todioni.
553 2344 640 2415 »aa
667 2349 728 2416 τοῦ
752 2375 777 2415 ω
797 2343 902 2438 'idaeo
925 2351 1147 2440 Ἀρίσταρχος.
1165 2390 1216 2402 ·-
1252 2352 1287 2418 ἐν
1309 2351 1344 2417 δὲ
1367 2354 1440 2428 τοῖς

353 2447 564 2540 εἰκαιοτέροις
586 2448 687 2538 ἀρῆς
711 2455 768 2532 τῆς
791 2447 933 2538 βλάβης,
964 2454 1030 2520 ἐπεὶ
1053 2459 1109 2520 καὶ
1127 2447 1316 2530 Ἡσίοδσςι
1340 2443 1439 2542 ἀρῆς

353 2548 533 2641 ἀλκτῆρα
562 2546 715 2638 »βλάβης
738 2559 795 2620 καὶ
816 2548 984 2633 κακώσιώς
1008 2554 1095 2649 ipa«
1125 2544 1220 2643 quod
1239 2545 1309 2616 bue
1333 2555 1369 2614 et
1394 2542 1440 2614 ad

352 2671 409 2716 aa.
434 2641 515 2715 128
555 2656 591 2715 et
624 2642 668 2714 ad
695 2644 835 2743 Tbeog.
870 2647 1081 2718 trahendum
1113 2658 1178 2720 eet.
1244 2645 1357 2742 Saepe
1390 2646 1439 2716 ita

353 2746 581 2818 Herodianus
601 2745 758 2818 Hesiodo
785 2759 951 2845 tanquam
976 2750 1224 2845 antiquissimo
1251 2758 1339 2818 teste
1366 2743 1438 2815 Ηο·
1499 2811 1503 2819 .

353 2850 504 2935 merione
531 2849 727 2943 scripturae
749 2851 897 2921 utitur..
930 2850 1095 2922 Ceterum
1122 2849 1242 2920 eadem
1265 2850 1438 2942 interpre-

353 2951 442 3021 tatio
468 2961 581 3021 exstat
605 2951 642 3018 in
669 2953 800 3021 nostris
831 2949 1000 3040 scholiis,
1038 2954 1098 3024 τὸν
1132 2952 1310 3043 δυνάμενον
1340 2979 1440 3041 σιμα-

327 3131 333 3144 f
354 3054 529 3145 ρησασθαι
552 3063 608 3122 καὶ
633 3051 819 3137 ἀπαλλάξαι
841 3057 920 3138 τοὺς
939 3054 1064 3148 ἀνδρας
1095 3063 1165 3140 τῆς
1193 3056 1352 3144 βλάβης
1382 3061 1439 3124 καὶ

352 3154 432 3235 τοὺς
453 3151 572 3234 θεοὺς,
615 3148 683 3220 esr.
713 3151 833 3247 Heyn.
863 3152 908 3223 Τ.
930 3151 1004 3236 Vi,
1033 3149 1180 3248 p.‚bbb'.
1241 3151 1283 3221 ln
1310 3150 1353 3219 lt.
1384 3151 1439 3219 ni·

352 3248 428 3338 hil,
467 3250 536 3319 nisi
562 3251 700 3346 ἀλκτὴρ·
727 3253 744 3324 ὁ
770 3255 886 3354 φύλαξ.
938 3253 1017 3324 »De
1042 3252 1098 3323 bia
1124 3273 1219 3323 nune
1247 3277 1330 3323 vera
1357 3275 1439 3347 pro-

353 3350 474 3447 posuit
497 3350 614 3446 Heyo.
646 3349 782 3423 Obsvv.
814 3354 850 3422 in
879 3351 921 3423 tl.
949 3388 990 3445 μ,
1016 3350 1111 3424 551.
1165 3354 1313 3424 Monere
1339 3370 1439 3447 prae·

354 3463 450 3523 terea
474 3449 647 3540 debebat,
692 3478 764 3524 non
796 3478 873 3525 esse
900 3453 1076 3551 legitimas
1106 3453 1237 3524 formos
1269 3454 1440 3524 inversu

353 3551 569 3642 Homerico,
611 3553 744 3649 Ἄρεος,
776 3553 913 3647 Ἄρεως,
952 3556 1080 3650 'Apeva
1117 3555 1241 3626 Heinr.
1289 3553 1326 3622 in
1360 3578 1436 3649 mg.

353 3677 392 3749 p.
415 3648 504 3723 118.
546 3655 700 3724 monitus
724 3652 770 3724 ab
796 3655 919 3725 Herm.
949 3657 1070 3752 Leipz.
1100 3655 1207 3727 Lim.
1235 3645 1343 3725 1802
1376 3647 1439 3725 In·

355 3753 562 3852 telb‘qembL
591 3748 704 3849 pffl.
743 3754 963 3850 efr.Spitzn.
993 3756 1037 3825 ad
1066 3755 1108 3827 11.
1125 3761 1156 3843 ξ,
1170 3752 1263 3825 185.
1305 3755 1439 3826 »blar-

354 3855 415 3925 tis
438 3853 743 3951 depulsorem«
769 3879 930 3927 convers.
952 3857 1032 3927 Bas.
1052 3858 1176 3928 altera.
1230 3855 1285 3926 De
1300 3880 1338 3927 re
1363 3857 1440 3950 ipsa

354 3951 422 4025 cir.
451 3955 587 4025 Buttm.
615 3952 767 4051 blytbol.
787 3954 827 4045 1,
865 3982 902 4052 p.
923 3952 1014 4027 258.
1057 3956 1187 4053 quibus
1209 3955 1299 4028 adde
1321 3957 1437 4052 Etym.

352 4053 406 4123 M·
444 4080 481 4149 P·
506 4051 596 4145 511,
619 4051 672 4123 27
713 4068 793 4131 »καὶ
826 4060 1079 4152 κηραμύστηςὸ
1113 4060 1286 4152 Ἡρακλῆς
1323 4057 1342 4132 ὁ
1378 4059 1440 4142 τάς

352 4159 457 4251 κῆρας
482 4156 620 4230 διώκων·
647 4162 833 4244 ἀλεξίκακος
858 4165 946 4252 κάρα
980 4170 1016 4229 et
1043 4156 1114 4230 0d.
1134 4158 1303 4229 Mueller.
1329 4159 1437 4228 Dorr.

353 4251 387 4342 1,
415 4249 565 4422 ρξὸ155.
621 4255 675 4328 De
697 4282 783 4332 voce
806 4261 957 4357 paredam
978 4256 1080 4331 isler.
1106 4271 1243 4357 quaest.
1265 4257 1436 4331 Hesiodd.

342 4517 349 4534 .
455 4453 617 4555 φυτεύσῃ]
669 4455 722 4530 lta
755 4456 807 4547 T,
851 4483 896 4532 ex
931 4483 974 4530 eo
1008 4459 1132 4533 Trino.
1168 4458 1224 4530 lu.
1250 4455 1290 4530 2.
1335 4460 1436 4531 Farr.
