3044 5264
222 443 305 522 260
355 486 361 501 «
500 445 781 525 APPARATUS
812 446 1040 530 CRITICUS»

135 700 136 703 π
221 657 295 762 ρος]
330 657 385 730 lta
411 654 738 730 AcFGttosv
765 665 919 755 quotuor
944 655 1144 728 Florentiui
1170 657 1318 730 Lenuc·

220 765 288 859 pii,
311 758 398 831 Ald.
417 755 516 830 lud.
527 754 567 829 2.
582 760 702 848 Bass.‚
728 757 895 856 idemque
911 756 1096 850 exhibent,
1113 757 1199 831 licet
1212 785 1318 831 men·

124 872 130 885 “
201 862 306 937 ,close
332 862 419 954 lm,
470 858 533 931 ubi
567 861 732 959 πρώτιρας
764 859 911 957 legitur.
975 858 1100 931 Altera
1135 863 1319 959 scriptura

218 959 381 1064 πρότερον
407 965 476 1033 iam
504 972 558 1034 est
581 988 641 1057 ap.
669 960 837 1060 parapho.
868 962 888 1031 1
916 965 1024 1060 »πρὸς
1055 972 1172 1038 τοῦτον
1195 964 1319 1063 πρότε·

202 1083 314 1167 pon«
364 1067 475 1154 Recte
509 1065 579 1134 inm
609 1062 798 1136 Heinrich.
834 1062 994 1160 πρότερος
1021 1067 1181 1161 reposuit
1206 1077 1243 1137 et
1267 1065 1319 1138 ad

218 1169 429 1240 seutentiam
455 1190 556 1237 suam
584 1164 843 1237 defendendam
869 1163 914 1234 ad
935 1167 1080 1237 Homeri
1106 1166 1318 1266 exemplum

216 1271 437 1367 provocavit.
465 1311 515 1322 -
563 1269 785 1366 Ἡρακληείη]
807 1270 991 1362 Ἠρακλειή
1016 1294 1065 1338 m.

316 1366 580 1468 551).τὶνυ]
615 1381 728 1446 τοίνυν
751 1367 951 1438 FHle
979 1368 1162 1443 mendose.
1190 1370 1260 1469 (hl,
1282 1374 1317 1444 Sl

216 1482 378 1544 accurate
405 1469 560 1542 Dorvill.
590 1495 664 1540 rem
689 1468 928 1569 significa-vit,
956 1470 1073 1569 τοίνυ).
1088 1513 1139 1532 ·--
1188 1482 1316 1569 ἐπίσχε-

215 1571 291 1673 τον]
318 1583 443 1668 ἐπίσχες
469 1572 690 1663 1111111101,
727 1571 890 1670 enallage
923 1576 1063 1644 numeri
1099 1600 1171 1646 nou
1192 1576 1314 1647 intel-

214 1673 328 1766 lecta,
369 1687 410 1746 ut
445 1687 539 1747 recte
568 1673 756 1745 Heinrich.
789 1674 990 1770 suspicatus
1025 1684 1093 1746 cst.
1148 1680 1217 1773 Ap.
1247 1705 1314 1774 pa·

214 1776 337 1875 rophe.
359 1775 387 1846 f.
417 1778 564 1854 κωλύετε.
596 1776 699 1848 Diae.
729 1785 969 1878 ἐπιφέρετα-
1001 1778 1309 1854 zozommim.

215 1923 266 1938 -
317 1880 436 1978 ὠκέας]
457 1886 561 1974 ὠχέας
587 1878 616 1947 Ι.

314 1977 407 2050 551.
462 1984 568 2080 οἵτε]
595 1981 663 2053 οἵτε
688 1980 836 2051 iunctim
865 1976 1013 2070 Trina,
1052 1981 1174 2054 lemm.
1202 1981 1308 2054 Mon.

214 2092 250 2154 ct
273 2079 461 2153 Heinrich.
488 2109 560 2178 mg.
596 2081 689 2151 Mira
713 2092 768 2153 est
798 2081 931 2153 Wollii
957 2084 1114 2178 suspicio
1139 2108 1239 2180 supr.
1269 2111 1310 2180 p.

214 2179 311 2253 105.
339 2227 389 2240 -
439 2195 496 2255 καὶ
521 2182 646 2281 ὀϊζύος]
682 2193 722 2253 ut
755 2183 800 2253 11.
821 2184 929 2273 Xlll,
951 2181 998 2275 2,
1045 2183 1107 2254 sed
1134 2182 1313 2257 hocloco

213 2308 288 2355 nou
324 2307 518 2380 agnoscere
559 2282 702 2353 videtur
744 2282 857 2355 schol.
896 2297 999 2356 vetus
1037 2311 1136 2381 supr.
1176 2312 1214 2382 p.
1238 2283 1310 2358 58.

216 2397 297 2459 »καὶ
313 2392 567 2471 κακοπαθείαςι
592 2388 758 2481 paraplrr.
781 2384 810 2454 s.
828 2406 879 2444 ·—'
916 2383 1031 2484 ἴδριες]
1058 2397 1164 2484 ἴδρνες
1179 2387 1310 2459 Trlnc.

210 2488 312 2584 ἰ’ὃριες
338 2486 382 2556 Β.
422 2490 548 2589 »ἰδρείῃ
575 2497 760 2579 πολέμοισι
798 2488 905 2559 Hom.
941 2487 988 2559 11.
1011 2489 1114 2577 XVl‚
1136 2483 1228 2558 559.
1258 2532 1314 2544 —-

212 2586 313 2688 εἰμεν]
354 2589 449 2680 ἡμέες
485 2587 537 2679 C,
587 2586 684 2686 quod
725 2586 813 2660 ferri
849 2615 921 2661 non
961 2600 1119 2686 potest.'
1160 2589 1311 2688 Reliqui

139 2705 142 2714 “
211 2715 335 2761 omues
361 2689 445 2760 libri
470 2692 722 2780 consentiunt,
756 2691 826 2760 nisi
844 2689 940 2789 quod
965 2701 1142 2785 accentus!
1159 2690 1312 2770 inclina·

211 2779 345 2864 tio'nem
373 2790 611 2890 neglexerunt
636 2792 699 2861 111
726 2789 845 2863 lemm.
875 2794 979 2865 Mon.
1016 2791 1099 2863 Ald.
1133 2790 1308 2865 10.1.2.

116 2902 127 2928 '
212 2893 337 2966 Trinc.
366 2893 492 2991 Stcph.
523 2893 594 2965 alii.
626 2937 675 2948 -

313 2992 408 3064 552.
462 3002 580 3091 παρέξ]
607 2996 708 3091 πάρεξ
732 2994 846 3069 schol.
875 2993 935 3084 d.‚
964 3000 1132 3093 parapbr.
1161 2998 1180 3068 f
1202 3022 1306 3093 supr.

209 3123 246 3192 p.
263 3093 336 3184 62,
364 3097 459 3166 Cllt
487 3097 570 3167 Ald.
600 3094 653 3166 lu.
673 3094 765 3168 1.2.
787 3099 888 3169 Bass.
914 3092 1036 3170 Triuc.
1062 3099 1154 3197 Bog.
1174 3097 1305 3195 Steph.

148 3271 156 3278 ,
211 3197 388 3268 Schmidt.
419 3197 598 3269 Wintcrt.
629 3197 733 3268 Com.
762 3200 892 3271 Heius.
926 3199 1043 3271 Gaisl.
1074 3201 1189 3271 Boiss.
1227 3198 1311 3298 (πα-

209 3304 264 3393 ρὲξ
301 3299 422 3367 Pasor.
461 3300 555 3369 Cler.
593 3298 779 3370 Schrevel.
814 3299 965 3372 Rohius.
1005 3302 1138 3373 Loesn.
1175 3303 1306 3395 Heinr.

114 3432 116 3434 ’
210 3394 520 3496 111ηᾶ.1100111.)·
558 3400 702 3472 Erravit
729 3403 841 3498 igitur
868 3429 940 3473 nou
973 3406 1091 3474 minus
1115 3404 1309 3473 Passovius

209 3524 247 3572 s:
267 3527 331 3593 v.,
370 3503 433 3598 qui
466 3502 677 3597 scripturam
712 3505 815 3602 πάριξ
840 3505 902 3574 uui
932 3505 1136 3576 Gaisfordio
1164 3504 1306 3593 tribuit,

209 3628 317 3699 quarn
346 3603 612 3701 Gocttlingius‚
665 3602 750 3673 dnm
784 3607 836 3675 ait
876 3605 1022 3703 »Vulgo
1051 3610 1188 3700 ndprffia
1252 3605 1308 3675 De

209 3703 351 3777 divorso
377 3703 446 3776 hoc
467 3716 617 3777 aoccutu
643 3702 756 3776 schol.
787 3705 824 3776 d.
863 3708 942 3781 ιὸτι
973 3711 1011 3781 τὸ
1046 3709 1148 3804 πάρεξ
1177 3696 1233 3802 καὶ
1266 3708 1307 3780 τὰ

208 3813 312 3907 παρέξ
336 3815 542 3905 διαφέρουσι.
586 3810 624 3880 τὸ
644 3815 705 3902 μὲν
729 3811 792 3904 γὰρ
820 3809 923 3904 πάρεξ
952 3823 1105 3903 σημαίνει
1140 3812 1178 3881 τὸ
1213 3811 1307 3893 ἐκτὸς

207 3921 263 3984 καὶ
292 3910 486 4007 βαρύνεται·
522 3922 578 3983 καὶ
609 3910 828 3986 συντάσσεται
862 3913 947 4003 μετὰ
985 3918 1121 4004 γενικῆς.
1168 3916 1239 3985 ἔστι
1271 3918 1307 3981 δὲ

208 4015 335 4084 κοινόν·
372 4013 411 4084 τὸ
438 4019 473 4084 δέ
498 4016 601 4106 παρὲξ
634 4011 673 4084 οὐ
696 4015 735 4083 τὸ
761 4015 853 4097 ἐκτὸς
876 4013 982 4105 μόνον
1012 4019 1181 4103 σημαίνει,
1217 4011 1306 4082 eilde}

207 4122 263 4182 καὶ
289 4115 327 4185 τὸ
355 4123 509 4199 πλησίον,
544 4115 586 4198 ὡς
608 4116 777 4207 τὸίπαρὲξ
799 4114 875 4185 ὅλα.
910 4111 973 4211 [ll.
1004 4113 1074 4203 lX,
1100 4108 1123 4180 7
1149 4145 1167 4188 ,ι
1181 4116 1307 4185 πολλὸν

208 4218 243 4283 δὲ
268 4218 370 4306 παρὲξ
394 4215 459 4285 ἅλα
485 4224 590 4315 φῦκος
615 4210 776 4310 tyrow]
802 4215 905 4305 ἤγουν
930 4217 1051 4301 ἐκτὸς,
1077 4224 1219 4302 πλησίον
1245 4221 1307 4302 τῆς

207 4313 385 4399 θαλάσσης
408 4327 466 4386 καὶ
491 4316 659 4400 ὀξύνεται.
682 4326 738 4388 ναὶ
764 4315 980 4391 συντάσσεται
1004 4318 1089 4409 μετὰ
1107 4320 1304 4404 αἰτιατικῆς·

207 4419 276 4488 ἔστι
312 4422 346 4484 δὲ
388 4426 443 4487 καὶ
480 4416 660 4500 ποιητικόν.
708 4422 898 4488 ἐνταῦθα
933 4424 974 4489 δὲ
1010 4418 1139 4514 πάρεξ
1178 4426 1304 4493 ἔσται

207 4512 421 4611 quibuscum
447 4515 516 4587 clr.
547 4514 663 4612 Etpm.
690 4516 741 4586 Μ.
770 4541 807 4610 p.
827 4511 921 4607 652,
940 4512 995 4586 59
1014 4543 1118 4614 seqq.
1176 4517 1303 4587 Varini
