3044 5264
498 453 820 535 meneutam
842 452 1004 533 uulua,
1220 447 1299 526 519

211 686 291 740 rum
312 662 492 741 viderunt.
548 665 715 739 Ceterum
742 665 780 738 ln
804 662 915 737 Scuto'
939 660 1158 736 Scbmidtius
1184 661 1296 737 Basil.
1407 751 1409 754 ι

211 770 538 866 interpretationem
565 770 720 864 priorem
745 768 913 864 repetiit,
940 784 1022 840 raro
1048 778 1235 855 mutatam,
1263 777 1301 840 et
1338 760 1341 775 ¹

211 871 491 960 winterturum,
533 867 596 970 (iu
633 867 813 968 Operibus
850 878 887 942 et
921 867 1061 940 Diebus
1094 867 1299 967 Crispinum

210 970 427 1092 sequutus),
464 964 656 1044 Schmidtii
691 972 850 1068 vestigiis
880 967 1055 1042 adhaesit.
1116 968 1189 1042 Sed
1214 997 1300 1068 prae

211 1075 340 1146 ceteris
366 1073 498 1171 drguus
523 1083 596 1165 est,
625 1070 689 1172 qui
714 1071 902 1162 laudetur,
939 1065 1000 1141 Fr.
1029 1068 1205 1163 Guietus,
1243 1075 1301 1151 vir

211 1185 249 1249 et
283 1176 475 1274 sagacitate
507 1176 618 1247 animi
655 1185 692 1247 et
726 1172 884 1246 Graecae
920 1171 1066 1269 linguae
1095 1174 1301 1272 cognitione

211 1278 387 1366 eximius,
430 1277 494 1375 qui
529 1271 707 1374 privatum
746 1277 785 1346 iu
816 1299 921 1346 usum
955 1273 1116 1347 Hesiodo
1148 1277 1301 1374 eiusque

212 1378 416 1452 seboliastis
439 1396 582 1476 operum
608 1377 832 1449 utilissimam
858 1376 1071 1472 impertivit,
1101 1388 1137 1449 et
1159 1402 1301 1450 summo

214 1482 293 1553 iure
316 1481 470 1572 criticis,
498 1479 567 1552 boe
592 1480 738 1551 nomine
762 1478 1003 1576 dignissimis,
1031 1478 1298 1552 adnumeratur.

215 1583 252 1653 ls
288 1605 406 1654 veram
443 1583 655 1679 scripturam
691 1601 796 1677 saepe
827 1580 1006 1674 restituit,
1060 1579 1104 1653 de
1137 1581 1302 1655 versibus

214 1685 345 1782 spuriis
380 1686 518 1781 primus
550 1679 747 1782 prudenter
779 1679 974 1772 iudicavit,
1010 1682 1116 1754 etiam
1149 1681 1212 1753 ubi
1246 1709 1302 1754 er-

214 1810 315 1856 rores
331 1787 522 1876 commisit,
548 1785 685 1856 doctior
704 1783 915 1881 plerumque
932 1780 1100 1855 lectorem
1122 1786 1302 1856 remittere

215 1885 320 1957 solet.
374 1888 504 1958 Merito
530 1887 642 1985 igitur
667 1887 736 1956 iam
762 1911 783 1954 a
810 1882 972 1956 Bentlcio
996 1886 1218 1977 celebratur,
1261 1911 1300 1955 v.

214 1998 340 2059 annot.
368 1987 414 2058 ad
440 1988 587 2059 Terent.
619 1979 750 2059 Heaut.
772 1983 870 2059 Prol.
894 2012 930 2055 v.
945 1982 987 2074 5,
1016 1998 1053 2058 ct
1072 1989 1204 2059 uostris
1228 1985 1302 2058 die·

215 2086 285 2160 bus
324 2111 445 2186 parem
478 2088 620 2162 laudem
646 2115 667 2160 a
691 2088 935 2185 Peerlkampio
971 2090 1074 2180 tulit,
1114 2088 1227 2187 praei.
1257 2087 1304 2161 ud

215 2185 341 2263 Horat.
375 2217 411 2288 p.
437 2192 600 2266 XXVH.
678 2188 812 2263 (iuiete
846 2189 1003 2288 adiungo
1030 2191 1301 2283 Ruhnkenium,

215 2294 318 2364 cuius
359 2295 416 2364 siu
468 2296 524 2365 lue
558 2302 702 2366 exstant
732 2293 772 2364 iu
802 2285 1001 2364 Hesiodum
1037 2292 1304 2367 emendationes

164 2453 166 2458 ,
215 2418 387 2494 perquam
415 2320 625 2466 Hbtabiles.
1241 2477 1245 2484 ¹

317 2495 448 2567 Nostra
472 2506 587 2566 aetate
607 2519 699 2566 nova
721 2496 787 2565 lux
811 2503 853 2563 nt
872 2494 1037 2564 omnibus
1052 2493 1202 2566 Hesiodi
1227 2521 1303 2568 car·

218 2594 397 2684 minibus,
425 2597 473 2666 ita
497 2596 607 2668 Scuto
633 2593 798 2666 Herculis
823 2594 969 2664 affulsit.
1029 2594 1121 2667 Num
1148 2597 1302 2692 primum

218 2722 330 2795 qnam
355 2696 513 2768 Graecae
545 2697 767 2794 antiquitatis
793 2696 950 2792 cognitio
976 2705 1012 2766 et
1045 2698 1130 2768 artis
1156 2695 1303 2768 historia

219 2797 540 2888 Wiuekelmanni‚
578 2797 782 2895 Lessiugii,
817 2797 948 2894 Hcpnii
982 2796 1112 2868 studiis
1139 2796 1180 2869 in
1214 2796 1303 2868 Ger·

219 2902 334 2972 mania
361 2901 574 2971 immensum
599 2909 770 2997 quantum
793 2910 894 2969 aucta
927 2908 963 2969 et
987 2899 1178 2996 praeclaris
1203 2898 1305 2970 libris

217 3015 341 3073 ornata
365 3012 482 3094 esset,
512 3027 584 3073 uon
607 3000 686 3072 lieri
710 3000 852 3098 potuit,
887 3002 975 3096 quin
1003 3003 1115 3073 nostri
1137 3001 1304 3072 carminis

218 3116 494 3201 argumentum,
529 3100 627 3201 quod
659 3127 742 3174 eum
778 3100 850 3172 illis
881 3100 989 3174 rubus
1024 3105 1221 3174 arctissime
1246 3127 1305 3174 co·
1397 3108 1399 3117 '

219 3202 357 3292 haeret,
391 3204 582 3276 multorum
600 3204 738 3277 animos
753 3201 967 3276 adverteret·
1021 3201 1214 3302 ludequac
1234 3203 1306 3301 peti

219 3315 366 3402 possent
386 3304 431 3376 ud
458 3304 676 3377 intellectum
695 3304 795 3376 Scuti
815 3304 983 3377 Herculei
1008 3305 1303 3402 promovendum,

221 3404 420 3477 docuerunt
438 3405 527 3477 alter
541 3405 689 3477 alterum
711 3408 893 3503 excipieus
915 3410 983 3478 viri
1008 3409 1129 3478 eximii
1143 3405 1304 3478 Seblicb·

222 3505 430 3603 tegrollius,
468 3505 710 3599 Welcberus,
747 3507 794 3578 0.
823 3506 1033 3580 Muellerus.
1088 3507 1227 3581 Deinde
1253 3507 1305 3578 al-

186 3665 187 3668 ,
220 3617 296 3679 tera
322 3634 366 3679 ex
394 3619 492 3706 parte
519 3609 581 3679 Fr.
605 3613 702 3707 Aug.
732 3604 894 3681 Wollius
920 3612 1074 3700 exstitit,
1108 3622 1144 3682 ct
1169 3612 1206 3681 in
1233 3611 1304 3680 Ho-

221 3710 310 3780 meri
349 3707 568 3782 carminibus
603 3708 752 3782 edcndis
792 3710 993 3808 exemplum
1030 3713 1117 3783 artis
1163 3713 1306 3784 criticae

222 3821 319 3882 recte
342 3822 378 3882 et
401 3810 597 3907 prudenter
620 3811 798 3884 factitatac
823 3814 1021 3909 proposuit.
1079 3813 1126 3884 Ut
1151 3812 1306 3884 Alexan-

224 3909 322 3984 driae
347 3910 559 4010 aliquando,
600 3913 648 3983 ita
681 3913 775 3984 inter
809 3925 983 3985 nostrates
1009 3914 1165 3986 llomcre
1190 3936 1309 3985 eomes

223 4012 405 4086 Hesiodus
431 4012 619 4085 adiunctus
644 4023 711 4084 est.
781 4011 888 4107 Quod
914 4040 1019 4112 quam
1051 4012 1221 4086 laudabili
1253 4040 1308 4085 ru·

223 4115 322 4187 tiene
355 4116 393 4185 in
430 4115 539 4188 Scuto
566 4114 674 4187 Here.
712 4111 758 4185 ab
790 4114 999 4188 Heinriebio
1037 4116 1160 4217 (Lips.
1185 4112 1308 4215 1802)

224 4218 432 4311 praestitum
473 4217 542 4308 sit,
584 4226 708 4288 notum
749 4227 803 4287 est
840 4217 1020 4292 comibus.
1073 4219 1308 4316 ,Quanquam

226 4318 321 4387 euim
347 4320 424 4414 ipse
449 4328 584 4390 textum
612 4317 683 4387 uisi
708 4319 831 4414 paucis
854 4320 891 4388 in
923 4317 1010 4391 locis
1037 4345 1109 4391 nen
1138 4321 1308 4406 restituit,

225 4416 264 4486 iu
303 4418 570 4518 Prelegomenis
607 4429 726 4490 umen
766 4430 802 4491 et
845 4421 1109 4494 Commentario
1146 4419 1190 4495 de
1236 4433 1310 4493 toto

225 4518 382 4592 carmine
417 4522 641 4622 singulisque
684 4521 762 4593 cius
798 4521 959 4595 versibus
994 4534 1063 4597 tam
1096 4523 1200 4597 docte
1225 4547 1309 4619 pru·
