3044 5264
524 412 994 492 smusnvnosmuns.
1207 409 1298 512 ss

218 613 434 689 oberrimum
465 623 502 687 et
531 611 576 685 ad
602 613 781 687 Homerici
806 614 926 714 clypei
945 617 1194 714 prescientiam
1215 641 1296 715 pro·

219 719 313 790 xime
339 714 505 790 accedere
528 715 698 788 indiceret
714 714 778 816 ¹²).

319 822 451 890 Annon
487 842 572 889 vero
612 818 688 914 ipse
730 828 957 914 praepostere
998 842 1089 918 ego,
1142 817 1240 921 quod
1276 846 1297 894 a

217 917 437 1016 praeiudicio
462 917 601 1008 ordior,
644 943 749 991 causa
774 919 932 991 nondum
963 918 1133 1019 cognite?
1185 923 1296 994 immo

218 1021 262 1092 ed
288 1017 493 1093 huiusmodi
516 1045 655 1092 mosem
680 1019 962 1117 cognoscendam
981 1022 1296 1119 primumindieiis

218 1147 310 1219 opus
347 1132 400 1193 est
432 1122 605 1211 externis,
656 1120 749 1192 inter
790 1134 882 1220 quse
924 1123 1078 1219 maximo
1101 1136 1296 1197 ’momento

216 1225 424 1295 aestimatur
457 1224 656 1318 quaesisse,
702 1248 787 1293 num
828 1224 891 1321 qai
933 1235 1114 1316 veterum,
1163 1228 1295 1324 quibus

217 1323 397 1396 iudicandi
424 1321 626 1395 montaum
653 1333 688 1395 et
711 1339 773 1395 sua
799 1337 835 1396 et
859 1335 999 1422 postera
1023 1338 1118 1398 setes
1149 1326 1294 1399 tribuis·

217 1436 291 1514 set,
325 1422 453 1495 librum
477 1425 516 1494 in
539 1435 678 1512 νοθείας
703 1427 940 1522 suspicionem
968 1425 1204 1520 adduxerint,
1248 1453 1297 1499 au

216 1525 309 1596 sorte
340 1526 389 1613 ii,
434 1525 511 1623 qui.
531 1524 576 1597 ab
607 1525 679 1598 iliis
711 1525 963 1618 dissenserint,
1000 1527 1122 1625 aliquo
1146 1527 1297 1626 putandi

215 1627 289 1697 siut
310 1650 472 1699 numero.
525 1629 600 1699 lom
626 1628 761 1726 siquis
787 1640 953 1725 quaerat,
985 1631 1048 1726 qui
1069 1627 1198 1703 abilin
1218 1631 1297 1700 Ari·

215 1726 399 1824 stopbrnis
438 1727 569 1799 iudicio
605 1727 850 1820 discesserint,
895 1727 1096 1800 balbutiens
1128 1732 1195 1804 iste
1212 1754 1296 1801 ma·

217 1829 326 1927 gister
360 1812 399 1899 in
433 1828 542 1900 altero
578 1827 721 1924 scholii·
742 1841 842 1928 parte
878 1830 944 1901 trie
981 1833 1124 1903 nomina
1154 1833 1294 1929 posuit:

217 1939 391 2021 Μεγακλῆς
416 1938 451 2003 δέ
479 1932 498 2007 ὁ
527 1930 711 2020 Ἀθηναῖος
739 1932 876 2024 γνήσιον
900 1945 962 2026 μὲν
991 1930 1059 2007 uide
1088 1935 1127 2007 τό
1159 1946 1297 2025 ποίημα,

217 2032 322 2118 ἄλλως
350 2041 384 2107 δὲ
409 2039 541 2130 ἐπιτιμᾷ
566 2039 612 2130 τῷ
632 2033 799 2131 Ἡσιόδῳ·
826 2035 947 2125 ἄλογον
977 2035 1045 2137 γάρ
1079 2064 1162 2134 φησι
1195 2049 1299 2111 ποιεῖν

210 2132 407 2230 “Homeros
435 2148 505 2220 τοῖς
533 2141 590 2220 τῆς
624 2137 749 2230 μητρὸς
792 2143 927 2231 ἐχθροῖς
972 2135 1060 2210 ὅπλα
1101 2144 1298 2230 παρέχοντα.

215 2239 429 2321 Ἀπολλώνιος
453 2245 488 2309 δὲ
512 2235 531 2309 ὁ
551 2235 678 2321 Ῥόδιος
703 2243 737 2310 ἐν
759 2243 806 2333 τῷ
834 2240 869 2330 y‘
895 2247 978 2335 φησὶ
1003 2241 1106 2312 αὐτοῦ
1130 2234 1228 2322 εἶναι,
1263 2241 1298 2312 ἔτι

215 2366 250 2409 τε
271 2345 331 2410 τοῦ
355 2347 565 2432 χαρακτῆρος
581 2346 637 2410 καὶ
661 2345 696 2411 ἐκ
719 2345 781 2410 τοῦ
810 2340 871 2411 τὸν
891 2337 1021 2412 Ἰόλαον
1044 2345 1079 2412 ἐν
1110 2345 1157 2435 τῷ
1182 2348 1297 2413 Κατα-

215 2438 300 2536 λόγῳ
328 2440 481 2533 εὑρίσκειν
506 2439 699 2533 ἡνιοχοῦντα
723 2444 771 2535 τῷ
796 2438 971 2535 Ἠρακλεῖ,
1009 2440 1160 2526 desitne
1181 2448 1216 2514 δὲ
1240 2451 1297 2514 καὶ

214 2542 415 2635 Στησίχορός
442 2568 544 2638 φησιν
572 2540 736 2614 Ἠσιόδου
769 2536 851 2613 εἶναι
880 2542 919 2612 τὰ
946 2546 1085 2633 ποίημα.
1158 2539 1202 2610 ln
1238 2538 1296 2610 bis

214 2651 354 2736 praeter
379 2642 517 2736 ineptas
544 2638 761 2710 ratiunculas
790 2637 861 2711 dno
894 2650 1056 2712 auctores
1080 2639 1294 2731 afferuntur,
1390 2668 1393 2672 ·

217 2740 280 2838 qni
314 2739 415 2813 nobis
448 2742 545 2840 serpsi
574 2743 729 2838 πρόςωπα
762 2752 863 2811 sunt:
913 2765 1006 2811 unns
1044 2765 1110 2812 nos
1145 2738 1297 2813 advertit

216 2840 460 2929 Stesichorus,
500 2839 647 2913 melicus
681 2851 784 2937 pocta
817 2842 1071 2938 perantiquus,
1118 2840 1172 2912 iili
1199 2843 1296 2913 enim

214 2945 462 3041 cognominem
501 2943 583 3040 quis
628 2940 749 3012 ulium*
782 2943 882 3013 novit
922 2940 1030 3012 alium
1065 2938 1296 3038 scriptorem?

214 3043 265 3115 At
289 3047 319 3116 si
346 3044 458 3132 sorte,
496 3055 536 3114 ut
559 3043 703 3114 Homeri
726 3044 910 3140 ipsiusque
933 3041 1079 3115 Hesiodi
1102 3041 1293 3135 Pindarus,

215 3148 262 3217 its
289 3144 350 3219 ille
370 3142 520 3217 Hesiodi
545 3155 581 3216 et
606 3145 712 3216 buius
735 3143 878 3241 quidem
900 3146 1065 3216 carminis
1086 3145 1294 3216 nominatim

212 3248 439 3337 meminerit,
484 3271 522 3316 r.
553 3269 587 3319 o.
625 3245 663 3315 in
697 3246 854 3317 carmine
890 3255 1138 3346 ἐπιγραφομένῳ
1167 3250 1294 3346 Κύκνῳ,

214 3347 352 3448 (schol.
382 3345 486 3419 Pind.
517 3346 578 3418 01.
604 3345 662 3437 X,
686 3342 768 3447 19.)
806 3345 892 3444 quid
924 3346 1007 3419 inde
1038 3347 1135 3421 alind
1161 3347 1291 3437 discas,

211 3475 320 3569 fluam
356 3448 539 3548 vulgarem
579 3448 727 3519 istorum
772 3459 969 3544 temporum
1004 3447 1294 3546 persuasionem?

213 3576 346 3621 numne
368 3552 581 3649 graviorem,
609 3575 713 3647 quern
738 3574 830 3647 quac
852 3559 1017 3644 Χείρωνος
1040 3551 1233 3640 Ὑποθήκας
1258 3557 1295 3622 et

213 3653 431 3747 Καταλόγοος
459 3663 495 3724 et
519 3648 621 3748 plura
647 3650 806 3721 Hesiodo
831 3648 1060 3722 subdiderat?
1101 3652 1194 3723 siout
1219 3649 1293 3721 Ho-

214 3778 311 3826 mero
336 3752 513 3852 piurime,
550 3749 743 3849 inquibus
768 3749 1010 3823 discernendis
1036 3753 1104 3822 iam
1133 3749 1293 3823 Herodo-

213 3867 294 3946 tus,
331 3867 372 3927 ut
396 3865 541 3953 putetur
558 3851 628 3953 ¹³),
668 3862 792 3952 totque
817 3852 878 3924 aiii
904 3851 1120 3926 Graecorum
1146 3851 1293 3952 posthac

211 4072 499 4093 ..-......-.......,...

282 4191 326 4255 11)
345 4191 378 4245 ln
397 4189 472 4245 Hist.
491 4191 662 4246 Graecarum
688 4191 745 4247 1111.
762 4188 911 4246 elementis
928 4188 1033 4256 (1811),
1069 4187 1148 4244 libro
1170 4187 1238 4244 utili
1265 4195 1295 4243 et

210 4259 248 4314 ad
266 4259 453 4315 academicum
473 4276 551 4314 usum
565 4274 697 4330 perquam
708 4261 925 4323 accommodato,
945 4261 1025 4330 ors.
1060 4261 1151 4315 Antea
1168 4267 1205 4327 (ι.
1216 4259 1295 4323 1187)

212 4328 242 4383 io
264 4330 353 4383 Goeu.
370 4330 528 4384 sturiones
545 4331 572 4383 d.
591 4333 665 4384 alten
683 4331 750 4385 Lr'u.
769 4349 796 4386 ιι.
814 4331 851 4385 Κ.
876 4330 922 4398 11,
941 4344 967 4399 p.
981 4329 1023 4384 19.

280 4427 326 4492 13)
344 4426 385 4488 11,
404 4429 462 4480 117.
487 4425 540 4488 lv.
552 4426 594 4479 31.
622 4425 740 4480 Tantum
758 4424 833 4479 enim
854 4426 947 4492 abest,
965 4435 997 4482 ut
1015 4419 1294 4486 doctissscbweig·

210 4494 336 4551 Morere
353 4494 510 4575 meentiar,
533 4495 724 4551 coniecturam
742 4511 828 4550 meum
846 4497 882 4552 de
899 4496 1036 4552 barloco
1053 4489 1240 4562 improbasti,
1262 4497 1294 4543 ut
