3044 5264
346 382 399 455 ⁷0
724 396 762 468 F.
790 395 834 470 A.
863 397 1048 473 WOLllll
1189 435 1200 458 ·

344 591 463 671 fautor
485 597 710 690 conciliatus,
747 610 822 672 tum
848 626 913 699 per
937 599 1073 671 litteras
1097 599 1223 670 eximia
1251 598 1424 697 quaedam

343 696 603 771 benivolentiae
633 700 844 774 documenta
879 700 996 793 dedit,
1041 711 1116 773 tum
1146 712 1265 797 postea
1293 700 1425 773 Leidae

342 798 512 872 salutanti
537 826 726 900 coramque
752 801 971 901 colloquenti
997 803 1234 891 materfuit,
1277 812 1317 872 ut
1342 801 1423 873 reli·

342 901 425 999 quis
450 926 592 999 quoque
619 902 835 975 carminibus
862 915 897 976 et
922 903 1152 1000 fragmentis,
1193 927 1284 1000 quae
1317 905 1422 974 etiam

342 1026 452 1073 senex
479 1002 635 1075 Hesiodo
662 1003 817 1077 tribuere
842 1030 914 1076 uon
941 1002 1145 1094 dubitabat,
1185 1001 1335 1078 similem
1362 1014 1423 1075 aut

342 1104 511 1175 maiorem
543 1102 760 1202 diligentiam
796 1104 1022 1198 adhiberem3
1067 1104 1232 1203 idemque
1270 1102 1423 1200 denique

341 1229 386 1276 ex
412 1203 622 1276 adversariis
654 1208 729 1277 suis
760 1233 898 1279 mecum
931 1207 1202 1279 communicavit
1233 1204 1421 1295 nonnulla,

340 1303 549 1377 brevissime
576 1306 718 1405 quidem
740 1319 879 1398 notata,
913 1306 976 1380 sed
1002 1305 1180 1404 praeclara
1202 1317 1238 1376 et
1258 1304 1358 1377 utilia
1377 1305 1423 1377 ad

180 1474 208 1519 a
342 1409 620 1507 fragmentorum
648 1410 799 1481 maxime
825 1411 1008 1481 iustiorem
1035 1406 1292 1481 collectionem.

444 1508 517 1579 lam
543 1507 605 1580 illo
631 1533 676 1580 ex
700 1509 858 1607 tempore
880 1535 946 1608 per
969 1510 1101 1583 amicos
1128 1511 1166 1580 in
1193 1509 1325 1580 exteris
1353 1519 1422 1580 ter·

340 1610 391 1682 ris
418 1611 558 1682 curiose
582 1610 852 1707 circumspicere
877 1613 979 1707 coepi
1003 1611 1123 1706 copias
1159 1607 1279 1706 paullo
1313 1611 1423 1682 maio·

340 1736 418 1803 res,
457 1708 589 1808 quibus
617 1711 791 1785 Hesiodea
820 1713 852 1783 si
884 1739 957 1785 nou
987 1711 1032 1785 ad
1059 1713 1240 1808 pristinam
1273 1709 1422 1782 formam

263 1905 265 1911 s
339 1812 518 1902 revocari,
556 1809 592 1883 id
620 1812 717 1911 quod
742 1839 885 1910 sperare
910 1812 955 1885 ab
987 1813 1089 1885 initio
1121 1811 1223 1885 nefas
1247 1824 1421 1908 putaram,

339 1924 434 2007 certe
461 1911 618 1986 molestis
647 1919 882 2010 posteriorum
917 1913 1066 1987 maculis
1091 1913 1236 2013 purgari
1260 1923 1418 2010 possent.

338 2014 416 2088 Nec
442 2013 557 2086 defuit
584 2013 671 2089 mihi
696 2014 839 2089 libraria
867 2017 1029 2107 fortuna,
1067 2016 1200 2115 quippe
1222 2041 1268 2087 ex
1289 2012 1422 2087 ltalicis

337 2113 566 2187 bibliothecis
591 2118 688 2199 varia
710 2116 868 2190 subsidia
893 2143 957 2216 per
989 2116 1083 2188 Lud.
1108 2117 1279 2188 Lanzium
1305 2127 1341 2187 at
1365 2118 1419 2187 lo.

339 2214 435 2291 Phil.
456 2214 746 2291 Siebeulscesium
771 2216 911 2317 aliaque
935 2215 1081 2292 aliunde
1107 2229 1229 2309 nacto,
1258 2216 1422 2288 ultimum

339 2342 401 2392 eos
425 2328 635 2415 apparatus,
673 2346 764 2418 quos
789 2322 843 2393 lo.
872 2321 919 2392 B.
945 2314 1329 2393 amalasuenta
1355 2318 1421 2387 Pa·

338 2420 435 2490 risile
470 2429 506 2491 et
528 2419 711 2494 Monacbii
743 2421 786 2493 ad
809 2423 1001 2518 promissae
1026 2419 1193 2494 editionis
1217 2445 1321 2491 usum
1348 2417 1421 2489 col·

338 2519 474 2619 legerat
494 2519 540 2623 ι).
610 2522 744 2595 Verum
778 2522 866 2595 baec
897 2524 1014 2595 omnia
1048 2519 1177 2595 silvula
1208 2521 1420 2592 variantium

262 2665 264 2668 ⁴
337 2620 530 2695 lectionum
556 2634 593 2695 et
613 2622 810 2721 glossarum
837 2635 874 2697 et
898 2624 1113 2698 scholiorum
1138 2625 1256 2696 acrius
1273 2621 1422 2694 lustrata

337 2725 386 2796 ita
412 2725 506 2796 intra
532 2723 662 2799 famam
694 2736 731 2797 et
762 2729 1061 2823 exspectationem
1093 2727 1273 2817 substitit,
1315 2736 1355 2796 ut
1381 2749 1422 2794 ea

336 2826 512 2924 inspicere
542 2851 647 2921 saepe
672 2851 729 2899 me
751 2828 890 2925 pigeret
915 2828 1162 2925 taederetque:
1191 2853 1300 2925 quum
1323 2826 1421 2922 quis·

336 2928 419 3026 quis
463 2951 550 3025 opes
584 2928 794 3001 Homericae
830 2931 1030 3003 recensioni
1070 2927 1176 2999 hodie
1208 2937 1346 3023 paratas
1381 2926 1421 2994 iu

336 3041 521 3101 numerato
547 3027 716 3119 haberet,
759 3028 864 3102 facile
898 3028 969 3102 sibi
994 3028 1176 3101 videretur
1208 3026 1265 3099 vel
1293 3025 1421 3096 diurna

336 3129 497 3202 mercede
533 3130 731 3204 conductus
773 3129 855 3203 talia
900 3129 1068 3228 pleraque
1106 3139 1233 3224 suopte
1274 3127 1420 3225 iugenio

336 3231 557 3303 comminisci
574 3243 635 3304 aut
651 3233 778 3305 amissa
798 3256 961 3328 reparare
977 3256 1095 3329 posse.
1149 3225 1270 3322 Quod,
1295 3254 1418 3326 quarn·

335 3331 391 3403 ris
426 3331 525 3405 dictu
564 3332 776 3425 ridiculum,
820 3333 1009 3405 accredent
1041 3331 1131 3404 mihi
1162 3329 1260 3404 haud
1294 3328 1417 3420 dubie,

336 3433 400 3531 qui
430 3433 535 3530 Ἔργα
565 3447 622 3511 καὶ
649 3436 796 3535 Ἡμέρας
827 3432 875 3508 ab
904 3433 968 3508 illo
1003 3433 1135 3507 Lauzio
1166 3459 1210 3505 ex
1242 3432 1419 3530 quinqua·

335 3533 435 3632 ginta
460 3533 642 3608 codicibus
665 3537 837 3609 recensita
865 3561 946 3608 cum
968 3535 1113 3635 vulgato
1138 3545 1238 3608 textu
1259 3528 1419 3605 contule·

335 3636 422 3707 rint.
486 3637 537 3710 lla
565 3649 682 3710 autem
716 3637 899 3711 frustratio
926 3639 1041 3735 primo
1075 3662 1147 3709 nou
1181 3636 1287 3706 nimis
1319 3634 1418 3729 cupi·

335 3733 419 3809 dum
454 3736 584 3812 edendi
621 3736 839 3838 aliquamdiu
876 3737 1089 3831 retardavit,
1138 3763 1222 3811 mox
1261 3735 1419 3838 plurium

403 4059 553 4124 Dilatum
579 4067 626 4116 est
650 4057 734 4115 illiue
756 4075 932 4130 programma
953 4060 990 4116 de
1013 4077 1085 4119 uara
1109 4063 1231 4119 Hesiodi
1256 4061 1417 4119 editiones

335 4144 367 4184 se
386 4131 527 4193 curanda,
555 4130 623 4185 1766
640 4127 737 4185 Kiliae
756 4131 879 4199 editura,
906 4147 963 4203 quo
981 4148 1105 4202 magnam
1123 4133 1261 4203 egregiae
1277 4133 1419 4188 editionis

334 4215 413 4281 spem
431 4199 532 4254 tactam
549 4199 685 4280 aequales
703 4198 912 4281 praedicabant.
955 4201 998 4255 ad
1020 4203 1132 4258 irritam
1157 4220 1190 4258 ea
1212 4202 1279 4275 spes
1303 4200 1418 4265 occidit,

335 4278 419 4322 etrum
439 4279 504 4324 aute
520 4279 639 4324 mortem
659 4285 715 4322 vars
734 4269 938 4333 eruditissimi,
965 4269 1014 4338 qai
1034 4273 1122 4327 otium
1145 4288 1224 4325 suum
1249 4271 1277 4325 in
1302 4269 1417 4325 nimium

334 4336 502 4407 disparibus
523 4335 628 4394 studiis
649 4339 821 4394 absumebat.
868 4338 932 4395 'Sed
956 4339 1020 4395 illis
1038 4344 1120 4397 sanis
1137 4345 1225 4396 malta
1243 4339 1299 4393 viri
1320 4341 1418 4405 reique

186 4409 189 4413 ’
333 4407 455 4470 mentio,
487 4415 520 4463 ut
542 4424 587 4480 ap.
609 4405 816 4464 Schneideruru
840 4407 869 4465 iu
893 4407 975 4466 Piud.
1001 4411 1098 4481 tregru.
1125 4429 1152 4483 p.
1170 4413 1220 4476 er,
1246 4411 1291 4465 ed.
1312 4409 1417 4465 noviss.

333 4493 360 4548 p·
383 4478 441 4535 tto.
