3044 5264
111 458 115 488 .
215 391 298 466 eoa
487 397 769 473 APPARATUS
805 395 1031 477 cameos

216 625 283 698 pro
303 597 563 674 consuetudine
590 621 653 671 sua
680 609 793 673 totum
812 626 955 672 versum
982 626 1048 697 pro
1074 600 1319 698 suppositieio

216 700 367 793 hahuit,
419 703 478 772 eui
503 701 692 772 Heinrich.
723 700 840 774 Gaisl'.
880 714 916 774 et
952 700 1064 773 Dind.
1099 700 1317 799 obsequnti‚

171 816 177 828 ⁶
217 794 321 875 un'eis
354 829 434 875 eum
468 804 715 895 incluserunt,
767 805 836 875 cfr.
862 802 1002 898 Spitzn.
1032 802 1077 876 de
1108 828 1206 874 vers.
1231 801 1316 876 her.

216 931 256 1002 p.
279 900 360 974 80:
416 904 673 976 Boissonadius
713 930 799 976 vero
848 905 1041 976 ‚ceterum
1077 917 1320 1000 corruptum·

216 1008 269 1077 ait
293 1008 426 1078 »altius
445 1031 521 1077 esse
543 1009 660 1078 locum
680 1018 781 1102 puto,
812 1005 931 1076 sorsan
955 1008 1006 1078 sie
1032 1006 1315 1078 restituendum:

217 1109 402 1208 οὐταμένου
438 1118 569 1193 aaziae,
616 1110 673 1180 διὰ
709 1116 744 1181 δὲ
777 1117 864 1202 μέγα
904 1109 1008 1183 ὅπλον
1039 1110 1164 1206 ἄραξα,
1209 1111 1316 1183 xoium

215 1220 305 1304 μένα
339 1210 504 1285 σπεύδων·
542 1211 580 1283 τὸ
617 1216 652 1282 δὲ
688 1222 846 1305 τέτραων
879 1210 989 1299 ἤλασα
1019 1211 1163 1305 prppria«
1227 1210 1319 1282 Non

215 1310 309 1382 male
337 1310 398 1381 ille
425 1307 592 1407 quidem,
638 1308 701 1380 sed
726 1309 894 1382 audacter
919 1322 954 1382 et
979 1323 1102 1382 eontra
1128 1312 1206 1384 veri
1231 1338 1317 1408 spe·

151 1453 153 1456 ·
216 1414 331 1505 ciem3
383 1436 456 1482 non
493 1412 685 1507 pensitavit
720 1413 815 1482 enim
859 1413 944 1482 satis
979 1411 1190 1510 diligenter,
1240 1440 1317 1512 qna

216 1514 356 1584 ratione
381 1524 453 1611 τρὶς
480 1524 516 1583 et
540 1516 579 1586 τὸ
606 1524 765 1608 τέτρατον
790 1511 859 1583 sibi
883 1526 1123 1608 opponantur.

188 1678 193 1700 ,
318 1609 411 1684 565.
465 1623 499 1689 ἒν
523 1619 666 1716 κονίῃσι]
694 1623 728 1688 ἐν
751 1629 897 1704 κονίῃσιν
923 1615 966 1682 Β.
1020 1623 1184 1708 ἐγκονίησι
1200 1615 1246 1687 C.
1263 1661 1319 1673 -

216 1727 324 1810 ἔγχεος
356 1717 459 1818 ὁρμῇ]
496 1719 595 1811 αἰχμὴ
624 1716 674 1806 Β,
731 1718 789 1787 eui
823 1714 923 1786 velut
957 1717 1317 1814 interpretamentum

216 1817 284 1888 alia
312 1844 419 1888 manu
442 1820 724 1915 superscriptum
751 1826 806 1889 cst
830 1819 938 1916 ὁρμῆς
973 1819 1040 1888 cl'r.
1063 1845 1162 1914 supr.
1187 1845 1224 1915 p.
1239 1817 1312 1892 58.

157 1996 158 1999 ,
216 1930 253 1992 et
291 1919 417 1993 Herm.
458 1920 615 2017 Opuscc.
644 1920 716 2010 Vl,
743 1915 788 2007 l,
832 1945 869 2014 p.
892 1895 983 1988 Qlss.
1041 1922 1171 2013 Ἔγχεος
1207 1924 1313 2014 αἰχμή

216 2032 272 2093 est
296 2048 341 2094 ex
367 2023 543 2111 Homero,
580 2016 790 2111 xV1,515‚
807 2015 902 2090 505.
935 2019 1025 2109 XX,
1044 2017 1137 2090 [116.
1200 2022 1313 2094 Potu-

211 2125 304 2206 'isset
337 2123 442 2192 etiam
474 2122 606 2221 aliquas
631 2155 720 2223 ακμρ
747 2147 942 2215 reponere,
972 2147 1015 2191 ex
1027 2120 1182 2194 Pindaro
1199 2123 1311 2195 Nem.

215 2223 292 2312 Vl,
315 2219 384 2291 lid.
424 2225 530 2320 Pyd.
551 2224 627 2314 lX,
647 2220 713 2296 81.
767 2222 1018 2298 Nominativus
1045 2225 1145 2319 αἰχμή
1172 2226 1313 2298 incom-

215 2323 357 2394 mudus.
698 2384 702 2395 .
948 2373 953 2385 ·

316 2420 409 2495 566.
463 2436 551 2500 ἔνθα
587 2429 637 2523 κε]
685 2423 883 2497 uVitiosam
930 2426 1118 2497 lectionem
1161 2427 1315 2523 putabat

214 2525 428 2598 Schneider.
467 2528 505 2598 in
530 2552 680 2599 censura
717 2526 843 2625 (Neue
877 2527 979 2627 Allp.
1018 2528 1070 2597 Ι).
1105 2529 1314 2603 Bibliotlek

214 2629 392 2717 LXXVI,
416 2625 464 2721 2,
507 2656 543 2726 p.
572 2626 657 2698 454
679 2675 731 2687 -
753 2626 825 2727 57)
858 2670 907 2687 -
953 2629 981 2699 s.
1017 2631 1141 2703 ἐνθάδε
1172 2636 1313 2721 ὅὴ.’-

214 2730 483 2802 Dubitationem
519 2757 667 2827 prorsus
703 2730 797 2801 tollit
825 2731 929 2801 Hom.
961 2731 1005 2801 ll.
1034 2741 1077 2821 β,
1106 2727 1184 2810 155
1220 2746 1313 2809 ἔνθα

213 2835 460 2920 κεν-νὸστος
486 2838 622 2927 ἐτύχθη.
674 2831 723 2904 (11.
756 2829 981 2924 011.γ,955.
1025 2832 1071 2902 11.
1091 2841 1122 2921 ζ,
1143 2831 1194 2938 75
1220 2848 1313 2910 ἔνθα

211 2969 266 3012 κεν
292 2932 367 3011 adu
393 2940 613 3027 α’ςανέβησαν.
665 2933 720 3004 De
749 2933 901 3004 formula
928 2944 1015 3008 ἔνθα
1040 2966 1074 3007 κε
1105 2960 1185 3005 cum
1213 2937 1312 3008 indi·

213 3038 328 3108 cativo
357 3036 448 3106 nihil
475 3036 570 3106 lirmi
596 3036 751 3107 all'erunt
776 3035 820 3105 ad
840 3034 972 3131 Odyss.
991 3066 1020 3119 r,
1036 3029 1141 3102 1719·
1171 3037 1307 3109 Heinr.

212 3163 288 3233 mg.
340 3138 409 3206 cfr.
435 3136 569 3207 Bernh.
598 3137 793 3207 wissensclr.
823 3136 927 3231 Spart.
966 3162 1002 3229 p.
1027 3131 1122 3207 590.
1177 3141 1305 3211 Herm.

213 3237 371 3331 Opuscc.
387 3237 453 3326 lV,
482 3263 519 3332 p.
533 3235 581 3307 21
602 3263 705 3335 seqq.
759 3245 847 3312 ἔνθα
872 3251 925 3312 καὶ
946 3237 1055 3307 llllm.
1109 3241 1198 3314 ἔνθα
1221 3242 1308 3314 ueC

211 3336 298 3409 Ald.
328 3339 384 3407 lu.
409 3336 446 3407 1.
478 3338 603 3435 Steph.
623 3381 674 3393 -
732 3338 897 3409 Ceterum
926 3341 988 3436 qui
1015 3364 1137 3409 versus
1163 3339 1310 3439 aliquus

210 3437 281 3511 lroc
310 3438 389 3511 loco
426 3439 601 3511 excidisse
628 3451 777 3536 putant,
827 3452 868 3511 ut
903 3441 966 3510 Fr.
989 3439 1225 3515 Thiersclrius
1261 3443 1308 3516 de

210 3540 301 3612 Hes.
331 3567 368 3636 p.
385 3537 439 3610 ‘28
474 3552 510 3611 et
546 3539 744 3638 Goettling.
780 3539 890 3611 adh.
917 3540 970 3632 l.,
1011 3542 1191 3636 opinionis
1217 3570 1308 3618 suae

211 3653 337 3713 testem
364 3641 520 3739 aliquem
547 3644 641 3713 naeti
669 3667 746 3713 esse
772 3640 886 3712 videri
920 3653 1086 3737 possent,
1127 3645 1308 3742 interpre-

210 3754 281 3814 tem
308 3769 329 3814 a
356 3743 461 3831 nobis
483 3743 638 3833 editum,
683 3768 790 3838 supra
817 3769 855 3839 p.
876 3739 929 3811 65
965 3745 1013 3812 ita
1042 3754 1166 3838 poetae
1192 3747 1308 3820 rerba

210 3856 433 3917 enarrantem
469 3858 548 3920 ’καὶ
573 3846 790 3940 ὑποχωρήσας
814 3853 848 3917 ἐκ
872 3855 931 3932 τῆς
955 3841 1063 3937 μάχης
1088 3854 1124 3918 ἓν
1148 3856 1195 3946 τῷ
1221 3882 1310 3946 τρω-

209 3952 317 4033 θῆναι
343 3953 476 4044 καιρίως
501 3948 583 4043 παρ’
612 3954 735 4038 ἐμοῦι,
777 3945 807 4012 Sl
836 3942 1115 4016 additamentum
1144 3951 1221 4020 elus
1247 3977 1307 4021 es·

209 4058 264 4114 eet
298 4046 407 4116 ullius
440 4049 559 4142 pretii.
631 4047 684 4116 lta
720 4043 813 4114 nihil
849 4044 933 4117 inde
969 4045 1126 4118 elicient.
1199 4050 1307 4142 Quos

210 4141 455 4242 Goe'ttlingius
481 4148 602 4244 posuit
627 4171 771 4235 versus,
821 4157 1007 4240 propterea
1043 4173 1147 4221 nemo
1172 4151 1305 4247 proba·

207 4242 281 4332 bit,
328 4250 497 4341 qnoniam
536 4249 642 4318 nimis
676 4245 782 4343 longe
808 4247 854 4314 ab
880 4249 1030 4317 consilio
1051 4249 1219 4322 Herculis
1244 4280 1305 4326 re·

207 4343 340 4419 cedunt
367 4371 432 4416 nee
457 4349 543 4419 satis
569 4359 650 4447 apta
668 4358 766 4417 sunt.
812 4342 886 4416 Sed
903 4345 1121 4421 videllerm.
1137 4350 1301 4450 Opusee.

206 4445 234 4520 l.
263 4445 288 4519 1.
326 4471 365 4545 p.
393 4442 485 4520 216.
