3044 5264
209 399 286 475 112
422 479 427 488 ,
485 404 768 513 APPARATUS
797 404 1023 484 CRI'l'ICUS.

208 603 761 783 tttdttlttmttltttlt’.
785 601 1303 779 ⁰l.l“tt³2tt'tt⁰¹¹.⁰.¹ittt

208 822 265 884 est
298 812 335 881 in
362 809 572 881 Monacensi
609 806 732 880 codice
769 805 970 904 exigendo,
1018 816 1165 904 propter
1196 834 1303 906 quem

207 912 341 985 librum
368 914 438 982 iam
464 935 484 981 a
508 907 760 1008 bernbardyo,
801 908 967 1007 Dionysii
993 909 1200 1007 Perlegetac
1226 907 1302 981 edi·

208 1025 308 1102 tore,
362 1011 569 1111 diligentiae
607 1009 678 1082 sibi
713 1008 856 1081 laudem
894 1012 1053 1107 paravit,
1106 1009 1222 1107 praei.
1261 1037 1300 1108 p.

208 1114 395 1188 xxxltl.
449 1113 540 1182 Tam
565 1121 728 1185 accurate
748 1113 844 1185 enim
866 1108 998 1183 librum
1022 1109 1232 1209 descripsit,
1262 1122 1304 1183 ut

208 1219 295 1290 vitia
328 1217 428 1287 nulla
464 1215 697 1312 praeteriret,
743 1212 894 1286 scribam
928 1214 1136 1311 primarium
1171 1239 1193 1284 a
1224 1238 1303 1285 cor·

210 1330 348 1393 rectore
373 1342 513 1414 semper
539 1314 770 1406 discerneret,
799 1313 938 1415 glossis·
952 1312 1197 1386 describendis
1218 1340 1303 1413 ope·

210 1446 284 1493 ram
311 1418 432 1509 daret,
466 1417 699 1490 otDiaconea
725 1415 882 1507 scholia,
916 1441 1120 1514 quanquam
1147 1442 1220 1488 non
1247 1418 1303 1487 in·

192 1518 335 1620 tegra,
379 1518 497 1592 denno
524 1519 697 1617 exigeret.
765 1517 951 1590 Praeterea
987 1516 1082 1588 idem
1111 1517 1173 1589 ille
1199 1516 1303 1588 Aldi-

209 1649 298 1695 num
334 1621 537 1718 exemplum
584 1631 620 1691 et
655 1619 846 1691 Juntinum
887 1620 989 1716 prius
1033 1616 1177 1707 eadem,
1232 1644 1304 1714 qua

125 1814 128 1820 .
211 1724 423 1796 Bavaricnm
450 1721 623 1811 codicem,
650 1720 835 1821 diligentia
862 1722 1033 1794 excussit.
1071 1718 1304 1792 DeindeGu·

211 1825 325 1899 dosr.
358 1824 635 1899 Hermunnus
666 1834 737 1894 tam
762 1813 984 1895 'benevolum
1013 1823 1105 1893 mibi
1127 1847 1166 1893 se
1200 1847 1304 1918 prae·

211 1926 305 2015 buit,
335 1937 375 1997 ut
400 1924 481 1997 cod.
496 1923 768 2023 Vitebcrgensis
790 1926 1016 1998 collationem
1039 1923 1304 1995 recentissime

212 2027 259 2101 ad
275 2028 582 2100 Triumvettinum
606 2028 807 2123 exemplum
833 2055 854 2098 a
877 2051 918 2098 se
943 2026 1142 2096 institutam
1165 2048 1304 2122 suaque

212 2154 323 2202 manu
355 2126 568 2223 descriptam
596 2139 715 2197 meum
738 2130 786 2199 in
817 2152 922 2199 nsum
955 2124 1044 2214 nribi
1076 2123 1302 2198 concederet.

213 2230 308 2301 Tum
357 2229 426 2300 Fr.
463 2227 744 2300 Ritscbelius
789 2228 1082 2328 Rebdigerannm
1128 2224 1302 2318 codicem,

213 2333 284 2404 iam
316 2326 362 2401 ab
394 2324 604 2400 lleinricbio
643 2341 854 2427 usurpatum
886 2330 1098 2401 amicissime
1136 2327 1182 2400 ad
1212 2328 1304 2399 Din-

174 2487 180 2501 .
213 2430 306 2504 dorii
333 2431 537 2529 exemplum
563 2429 839 2527 comparandum
858 2432 997 2505 curarit
1016 2429 1062 2503 ab
1080 2429 1304 2503 adolescente

214 2531 339 2623 docto,
365 2532 577 2606 ·Guilielmo
603 2531 887 2606 blarelrschellel.

315 2636 413 2708 llaec
437 2635 507 2704 iam
531 2632 768 2731 possidebam,
797 2661 907 2733 quum
932 2632 1201 2734 Quodlinburgi
1224 2659 1305 2705 ver·

214 2761 335 2832 sarcr5
373 2734 581 2833 Gottingam
614 2762 698 2809 vero
723 2747 845 2831 postea
878 2736 1016 2808 delatus
1041 2764 1126 2810 mox
1151 2763 1196 2809 ex
1222 2737 1305 2805 llis·

215 2840 309 2912 senii
338 2835 565 2910 sermonibus
597 2839 864 2928 iucundissimis
895 2840 1023 2912 laetam
1055 2865 1155 2936 spem
1186 2838 1305 2909 conci·

215 2940 379 3039 piebam,
418 2939 496 3012 fore
522 2949 562 3010 ut
587 2966 678 3037 qnae
708 2940 776 3011 Fr.
796 2940 1094 3013 Thicrscbius
1113 2936 1305 3037 aliqnando

161 3044 163 3048 '
216 3040 448 3139 collegisset,
490 3041 730 3114 intercedente
754 3044 885 3129 ,amico
923 3044 1001 3114 eius
1038 3041 1303 3142 antiquissimo,

216 3143 256 3213 in
282 3166 409 3213 manus
435 3166 531 3212 meas
552 3143 730 3214 venirent.
794 3146 914 3240 Atque
943 3155 1110 3240 expertus
1145 3168 1223 3220 som
1249 3142 1306 3212 in·

216 3243 357 3339 signem
383 3242 453 3311 viri
489 3243 611 3312 eximii
646 3242 894 3316 liberalitatem
930 3257 966 3316 et
1003 3243 1303 3317 benevolentiam.

218 3342 322 3437 Quae
357 3343 452 3413 enim
488 3341 723 3416 'l'bierscbius
767 3371 786 3418 c
821 3343 1082 3419 Parisiensibus
1103 3343 1307 3417 codicibus

215 3443 270 3544 (a.
300 3438 609 3544 1815et1815)
636 3458 859 3538 enotaverat,
900 3459 936 3520 ot
964 3450 1116 3547 margini
1139 3445 1308 3519 editionis

219 3544 494 3620 Scbrevelianae
517 3545 737 3642 Lipsiensis,
772 3576 806 3621 a.
826 3545 933 3620 llllllt
958 3549 1216 3648 adscripscrat,
1267 3571 1308 3617 ea

218 3648 309 3720 mibi
335 3646 432 3717 misit
453 3647 595 3738 omnia,
631 3650 726 3720 inter
751 3676 842 3748 quae
874 3650 1022 3724 collatos
1056 3651 1198 3748 repperi
1234 3670 1308 3718 non

219 3746 388 3822 lioebleri
414 3745 554 3820 codices
580 3748 695 3822 solum
719 3746 843 3842 2708,
871 3747 998 3844 2772,
1025 3748 1153 3844 2855,
1184 3748 1308 3822 multis

217 3848 381 3949 partibus
415 3852 636 3943 accuratius,
684 3877 789 3949 qoam
824 3848 871 3925 ab
903 3852 990 3947 illo,
1036 3865 1201 3943 exactos,
1244 3848 1309 3922 sed

218 3950 329 4023 aliurn
353 3961 534 4046 practerea
555 3951 687 4024 librum
714 3955 968 4046 parisiensem,
1005 3967 1042 4028 et
1066 3982 1168 4042 eum,
1201 3978 1309 4050 quem

217 4053 306 4123 olim
339 4049 539 4124 Dorvillins
572 4056 745 4145 contulit,
791 4081 907 4153 nuper
939 4069 1057 4129 autem
1095 4053 1310 4128 Gaistordus

218 4151 356 4250 publici
387 4153 477 4223 iuris
510 4153 609 4227 lecit.
676 4157 742 4228 llis
773 4159 910 4230 accedit
943 4157 1023 4232 cod.
1054 4157 1249 4230 florentini
1275 4179 1307 4225 s.

217 4251 559 4427 ¹§cbellersbcmiani
606 4261 770 4352 collatio,
829 4285 936 4331 manu
974 4259 1118 4332 Rincbii
1158 4257 1311 4329 iunioris

236 4366 327 4428 aeta.

319 4457 387 4530 llis
418 4459 504 4532 vero
541 4458 671 4558 opibus
715 4464 931 4558 instructus,
984 4491 1095 4564 quum
1131 4463 1177 4537 ad
1214 4461 1312 4535 bunc
