<?xml version="1.0" encoding="UTF-8"?>
<!DOCTYPE html PUBLIC "-//W3C//DTD XHTML 1.0 Transitional//EN"
    "http://www.w3.org/TR/xhtml1/DTD/xhtml1-transitional.dtd">
<html xmlns="http://www.w3.org/1999/xhtml" xml:lang="en" lang="en">
 <head>
  <title>
</title>
<meta http-equiv="Content-Type" content="text/html;charset=utf-8" />
  <meta name='ocr-system' content='tesseract 3.04.00' />
  <meta name='ocr-capabilities' content='ocr_page ocr_carea ocr_par ocr_line ocrx_word'/>
</head>
<body>
  <div class='ocr_page' id='page_1' title='image "./hesiodiquodfert00wolfgoog_0116.png"; bbox 0 0 3044 5264; ppageno 0'>
   <div class='ocr_carea' id='block_1_1' title="bbox 520 418 1302 498">
    <p class='ocr_par' dir='ltr' id='par_1_1' title="bbox 520 418 1302 498">
     <span class='ocr_line' id='line_1_1' title="bbox 520 418 1302 498; baseline -0.008 -1"><span class='ocrx_word' id='word_1_1' title='bbox 520 418 1002 498; x_wconf 71' lang='lat' dir='ltr'><strong>tulmeuvunsloltus..</strong></span> <span class='ocrx_word' id='word_1_2' title='bbox 1250 418 1302 491; x_wconf 83' lang='grc'><strong>99</strong></span> 
     </span>
    </p>
   </div>
   <div class='ocr_carea' id='block_1_2' title="bbox 209 617 1305 925">
    <p class='ocr_par' dir='ltr' id='par_1_2' title="bbox 209 617 1305 925">
     <span class='ocr_line' id='line_1_2' title="bbox 311 617 1305 727; baseline 0.007 -31"><span class='ocrx_word' id='word_1_3' title='bbox 311 617 408 697; x_wconf 88' lang='grc'><strong>224.</strong></span> <span class='ocrx_word' id='word_1_4' title='bbox 463 633 551 726; x_wconf 79' lang='grc' dir='ltr'><strong>ἀμφὶ</strong></span> <span class='ocrx_word' id='word_1_5' title='bbox 577 635 612 701; x_wconf 77' lang='grc' dir='ltr'><strong>δέ</strong></span> <span class='ocrx_word' id='word_1_6' title='bbox 635 659 694 722; x_wconf 72' lang='grc' dir='ltr'><strong>μιν</strong></span> <span class='ocrx_word' id='word_1_7' title='bbox 716 636 837 721; x_wconf 71' lang='grc' dir='ltr'><strong><em>κίβισις</em></strong></span> <span class='ocrx_word' id='word_1_8' title='bbox 870 632 947 723; x_wconf 74' lang='lat' dir='ltr'><strong>oo]</strong></span> <span class='ocrx_word' id='word_1_9' title='bbox 989 635 1079 727; x_wconf 79' lang='grc' dir='ltr'><em>ἀμφὶ</em></span> <span class='ocrx_word' id='word_1_10' title='bbox 1111 628 1188 717; x_wconf 53' lang='grc' dir='ltr'><strong>τὴν</strong></span> <span class='ocrx_word' id='word_1_11' title='bbox 1203 638 1305 726; x_wconf 58' lang='lat' dir='ltr'><strong>nemci</strong></span> 
     </span>
     <span class='ocr_line' id='line_1_3' title="bbox 209 726 1305 825; baseline 0.003 -24"><span class='ocrx_word' id='word_1_12' title='bbox 209 729 271 818; x_wconf 76' lang='grc' dir='ltr'><strong>λῆι</strong></span> <span class='ocrx_word' id='word_1_13' title='bbox 294 737 356 802; x_wconf 75' lang='grc' dir='ltr'><strong>θέε</strong></span> <span class='ocrx_word' id='word_1_14' title='bbox 380 726 419 798; x_wconf 86' lang='lat' dir='ltr'><strong>b.</strong></span> <span class='ocrx_word' id='word_1_15' title='bbox 448 753 483 799; x_wconf 87' lang='lat' dir='ltr'><strong>e.</strong></span> <span class='ocrx_word' id='word_1_16' title='bbox 508 737 615 824; x_wconf 87' lang='lat' dir='ltr'><strong>caput</strong></span> <span class='ocrx_word' id='word_1_17' title='bbox 640 753 724 825; x_wconf 86' lang='lat' dir='ltr'><strong>pera</strong></span> <span class='ocrx_word' id='word_1_18' title='bbox 755 727 932 800; x_wconf 86' lang='lat' dir='ltr'><strong>inclusum</strong></span> <span class='ocrx_word' id='word_1_19' title='bbox 959 726 1134 820; x_wconf 81' lang='lat' dir='ltr'><strong>babebat5</strong></span> <span class='ocrx_word' id='word_1_20' title='bbox 1182 739 1305 821; x_wconf 78' lang='grc' dir='ltr'><strong><em>κίβισις</em></strong></span> 
     </span>
     <span class='ocr_line' id='line_1_4' title="bbox 211 827 1302 925; baseline 0.002 -27"><span class='ocrx_word' id='word_1_21' title='bbox 211 830 331 899; x_wconf 83' lang='lat' dir='ltr'><strong>verius</strong></span> <span class='ocrx_word' id='word_1_22' title='bbox 363 837 531 924; x_wconf 82' lang='lat' dir='ltr'><strong>putatur,</strong></span> <span class='ocrx_word' id='word_1_23' title='bbox 569 855 675 925; x_wconf 87' lang='lat' dir='ltr'><strong>quam</strong></span> <span class='ocrx_word' id='word_1_24' title='bbox 705 835 831 923; x_wconf 76' lang='grc' dir='ltr'><strong><em>κύβισις</em></strong></span> <span class='ocrx_word' id='word_1_25' title='bbox 862 841 900 903; x_wconf 80' lang='lat' dir='ltr'><strong>ei</strong></span> <span class='ocrx_word' id='word_1_26' title='bbox 924 839 1063 925; x_wconf 77' lang='grc' dir='ltr'><strong>κίβισις.</strong></span> <span class='ocrx_word' id='word_1_27' title='bbox 1088 830 1157 903; x_wconf 78' lang='lat' dir='ltr'><strong>cfr.</strong></span> <span class='ocrx_word' id='word_1_28' title='bbox 1179 827 1302 903; x_wconf 82' lang='lat' dir='ltr'><strong>Fisch.</strong></span> 
     </span>
    </p>
   </div>
   <div class='ocr_carea' id='block_1_3' title="bbox 185 925 1307 1331">
    <p class='ocr_par' dir='ltr' id='par_1_3' title="bbox 211 925 869 1029">
     <span class='ocr_line' id='line_1_5' title="bbox 211 925 869 1029; baseline 0.002 -28"><span class='ocrx_word' id='word_1_29' title='bbox 211 928 256 1001; x_wconf 90' lang='lat' dir='ltr'><strong>ad</strong></span> <span class='ocrx_word' id='word_1_30' title='bbox 279 928 436 1002; x_wconf 90' lang='lat' dir='ltr'><strong>Weller.</strong></span> <span class='ocrx_word' id='word_1_31' title='bbox 467 927 533 1002; x_wconf 87' lang='lat' dir='ltr'><strong>Gr.</strong></span> <span class='ocrx_word' id='word_1_32' title='bbox 568 930 615 1002; x_wconf 83' lang='grc' dir='ltr'><strong>Τ.</strong></span> <span class='ocrx_word' id='word_1_33' title='bbox 640 931 678 1025; x_wconf 83' lang='lat' dir='ltr'><strong>l,</strong></span> <span class='ocrx_word' id='word_1_34' title='bbox 710 957 749 1029; x_wconf 88' lang='lat' dir='ltr'><strong>p.</strong></span> <span class='ocrx_word' id='word_1_35' title='bbox 775 925 869 1014; x_wconf 77' lang='lat'><strong>106,</strong></span> 
     </span>
    </p>

    <p class='ocr_par' dir='ltr' id='par_1_4' title="bbox 185 1053 1307 1331">
     <span class='ocr_line' id='line_1_6' title="bbox 185 1053 1306 1158; baseline 0.007 -32"><span class='ocrx_word' id='word_1_36' title='bbox 185 1062 188 1068; x_wconf 83' lang='grc'><strong>’</strong></span> <span class='ocrx_word' id='word_1_37' title='bbox 312 1053 408 1128; x_wconf 85' lang='grc'><strong>228.</strong></span> <span class='ocrx_word' id='word_1_38' title='bbox 461 1056 634 1157; x_wconf 74' lang='grc' dir='ltr'><strong><em>ι’ῤῥιγόντι,</em></strong></span> <span class='ocrx_word' id='word_1_39' title='bbox 676 1083 824 1156; x_wconf 79' lang='lat' dir='ltr'><strong>prorsus</strong></span> <span class='ocrx_word' id='word_1_40' title='bbox 858 1069 899 1132; x_wconf 82' lang='lat' dir='ltr'><strong>ut</strong></span> <span class='ocrx_word' id='word_1_41' title='bbox 931 1058 1153 1154; x_wconf 73' lang='grc' dir='ltr'><strong>κειληγόιιιις,</strong></span> <span class='ocrx_word' id='word_1_42' title='bbox 1197 1058 1306 1158; x_wconf 80' lang='lat' dir='ltr'><strong>idque</strong></span> 
     </span>
     <span class='ocr_line' id='line_1_7' title="bbox 211 1159 1307 1263; baseline 0.006 -36"><span class='ocrx_word' id='word_1_43' title='bbox 211 1168 278 1255; x_wconf 86' lang='lat' dir='ltr'><strong>pro</strong></span> <span class='ocrx_word' id='word_1_44' title='bbox 314 1164 516 1252; x_wconf 64' lang='grc' dir='ltr'><strong>κικλιῃνότιςς</strong></span> <span class='ocrx_word' id='word_1_45' title='bbox 559 1159 681 1259; x_wconf 86' lang='lat' dir='ltr'><strong>itaque</strong></span> <span class='ocrx_word' id='word_1_46' title='bbox 713 1185 779 1258; x_wconf 84' lang='lat' dir='ltr'><strong>pro</strong></span> <span class='ocrx_word' id='word_1_47' title='bbox 817 1161 984 1263; x_wconf 65' lang='grc' dir='ltr'><strong>ἑρῥιγότιῖ</strong></span> <span class='ocrx_word' id='word_1_48' title='bbox 1029 1160 1142 1235; x_wconf 76' lang='lat' dir='ltr'><strong>solius</strong></span> <span class='ocrx_word' id='word_1_49' title='bbox 1174 1162 1307 1260; x_wconf 86' lang='lat' dir='ltr'><strong>produ·</strong></span> 
     </span>
     <span class='ocr_line' id='line_1_8' title="bbox 213 1259 514 1331; baseline -0.003 0"><span class='ocrx_word' id='word_1_50' title='bbox 213 1260 343 1331; x_wconf 80' lang='lat' dir='ltr'><strong>ctionis</strong></span> <span class='ocrx_word' id='word_1_51' title='bbox 369 1259 514 1331; x_wconf 68' lang='lat' dir='ltr'><strong>carrusa?</strong></span> 
     </span>
    </p>
   </div>
   <div class='ocr_carea' id='block_1_4' title="bbox 212 1330 1304 1592">
    <p class='ocr_par' dir='ltr' id='par_1_5' title="bbox 212 1330 1304 1592">
     <span class='ocr_line' id='line_1_9' title="bbox 314 1330 1304 1561; baseline 0.003 -105"><span class='ocrx_word' id='word_1_52' title='bbox 314 1383 409 1458; x_wconf 77' lang='grc'><strong>252.</strong></span> <span class='ocrx_word' id='word_1_53' title='bbox 460 1393 683 1561; x_wconf 57' lang='grc' dir='ltr'><strong><em>βαινουσὲἪ</em></strong></span> <span class='ocrx_word' id='word_1_54' title='bbox 730 1388 799 1462; x_wconf 76' lang='lat' dir='ltr'><strong>cir.</strong></span> <span class='ocrx_word' id='word_1_55' title='bbox 840 1387 870 1460; x_wconf 83' lang='lat' dir='ltr'><strong>l.</strong></span> <span class='ocrx_word' id='word_1_56' title='bbox 905 1390 953 1461; x_wconf 84' lang='lat' dir='ltr'><strong>H.</strong></span> <span class='ocrx_word' id='word_1_57' title='bbox 984 1330 1092 1462; x_wconf 61' lang='lat' dir='ltr'><strong>Vosd.</strong></span> <span class='ocrx_word' id='word_1_58' title='bbox 1136 1390 1304 1489; x_wconf 81' lang='lat' dir='ltr'><strong>Epistolt.</strong></span> 
     </span>
     <span class='ocr_line' id='line_1_10' title="bbox 212 1486 743 1592; baseline 0.008 -34"><span class='ocrx_word' id='word_1_59' title='bbox 212 1486 435 1587; x_wconf 76' lang='lat' dir='ltr'><strong>mythologg.</strong></span> <span class='ocrx_word' id='word_1_60' title='bbox 472 1487 532 1588; x_wconf 87' lang='lat' dir='ltr'><strong>[l‚</strong></span> <span class='ocrx_word' id='word_1_61' title='bbox 565 1488 635 1586; x_wconf 56' lang='grc' dir='ltr'><strong>μ(</strong></span> <span class='ocrx_word' id='word_1_62' title='bbox 678 1486 743 1592; x_wconf 88' lang='grc'><strong>2].</strong></span> 
     </span>
    </p>
   </div>
   <div class='ocr_carea' id='block_1_5' title="bbox 213 1612 1311 2325">
    <p class='ocr_par' dir='ltr' id='par_1_6' title="bbox 213 1612 1311 2325">
     <span class='ocr_line' id='line_1_11' title="bbox 313 1612 1310 1718; baseline 0.005 -33"><span class='ocrx_word' id='word_1_63' title='bbox 313 1612 410 1686; x_wconf 81' lang='grc'><strong>245.</strong></span> <span class='ocrx_word' id='word_1_64' title='bbox 458 1618 598 1712; x_wconf 73' lang='grc' dir='ltr'><em>χάλκεον</em></span> <span class='ocrx_word' id='word_1_65' title='bbox 630 1619 686 1706; x_wconf 76' lang='grc' dir='ltr'><strong>ὀξὺ</strong></span> <span class='ocrx_word' id='word_1_66' title='bbox 717 1622 825 1718; x_wconf 76' lang='grc' dir='ltr'>βόων]</span> <span class='ocrx_word' id='word_1_67' title='bbox 871 1617 1020 1691; x_wconf 87' lang='lat' dir='ltr'><strong>nimium</strong></span> <span class='ocrx_word' id='word_1_68' title='bbox 1054 1618 1196 1692; x_wconf 82' lang='lat' dir='ltr'><strong>videtur</strong></span> <span class='ocrx_word' id='word_1_69' title='bbox 1227 1629 1310 1691; x_wconf 83' lang='lat' dir='ltr'><strong>eta</strong></span> 
     </span>
     <span class='ocr_line' id='line_1_12' title="bbox 213 1716 1310 1814; baseline 0 -24"><span class='ocrx_word' id='word_1_70' title='bbox 213 1718 309 1791; x_wconf 89' lang='lat' dir='ltr'><strong>bono</strong></span> <span class='ocrx_word' id='word_1_71' title='bbox 336 1743 403 1789; x_wconf 84' lang='lat' dir='ltr'><strong>usu</strong></span> <span class='ocrx_word' id='word_1_72' title='bbox 435 1716 592 1791; x_wconf 87' lang='lat' dir='ltr'><strong>alienum</strong></span> <span class='ocrx_word' id='word_1_73' title='bbox 623 1720 761 1814; x_wconf 74' lang='grc' dir='ltr'><strong>χάλκιοι</strong></span> <span class='ocrx_word' id='word_1_74' title='bbox 795 1721 864 1807; x_wconf 76' lang='grc' dir='ltr'><strong>ὀξύ.</strong></span> <span class='ocrx_word' id='word_1_75' title='bbox 927 1719 1054 1792; x_wconf 79' lang='lat' dir='ltr'><strong>Paullo</strong></span> <span class='ocrx_word' id='word_1_76' title='bbox 1086 1716 1310 1792; x_wconf 77' lang='lat' dir='ltr'><strong>tolerabilius</strong></span> 
     </span>
     <span class='ocr_line' id='line_1_13' title="bbox 215 1816 1310 1921; baseline 0.002 -31"><span class='ocrx_word' id='word_1_77' title='bbox 215 1819 345 1909; x_wconf 81' lang='lat' dir='ltr'><strong>fucrit,</strong></span> <span class='ocrx_word' id='word_1_78' title='bbox 385 1820 417 1891; x_wconf 82' lang='lat' dir='ltr'><strong>si</strong></span> <span class='ocrx_word' id='word_1_79' title='bbox 445 1816 594 1890; x_wconf 87' lang='lat' dir='ltr'><strong>verbum</strong></span> <span class='ocrx_word' id='word_1_80' title='bbox 630 1846 820 1917; x_wconf 84' lang='lat' dir='ltr'><strong>componas</strong></span> <span class='ocrx_word' id='word_1_81' title='bbox 853 1818 1011 1914; x_wconf 74' lang='grc' dir='ltr'><strong><em>ὄξιιβοᾶν,</em></strong></span> <span class='ocrx_word' id='word_1_82' title='bbox 1056 1821 1155 1921; x_wconf 88' lang='lat' dir='ltr'><strong>quod</strong></span> <span class='ocrx_word' id='word_1_83' title='bbox 1187 1832 1310 1892; x_wconf 84' lang='lat' dir='ltr'><strong>contra</strong></span> 
     </span>
     <span class='ocr_line' id='line_1_14' title="bbox 215 1916 1311 2017; baseline -0.001 -24"><span class='ocrx_word' id='word_1_84' title='bbox 215 1920 440 1994; x_wconf 79' lang='lat' dir='ltr'><strong>Homericam</strong></span> <span class='ocrx_word' id='word_1_85' title='bbox 475 1916 619 2017; x_wconf 87' lang='lat' dir='ltr'><strong>quidem</strong></span> <span class='ocrx_word' id='word_1_86' title='bbox 656 1918 953 1994; x_wconf 85' lang='lat' dir='ltr'><strong>consuetudinem</strong></span> <span class='ocrx_word' id='word_1_87' title='bbox 990 1934 1103 2015; x_wconf 77' lang='lat' dir='ltr'><strong>cosei,</strong></span> <span class='ocrx_word' id='word_1_88' title='bbox 1162 1920 1236 1993; x_wconf 67' lang='lat' dir='ltr'><strong>sed⁴</strong></span> <span class='ocrx_word' id='word_1_89' title='bbox 1265 1920 1311 1994; x_wconf 84' lang='lat' dir='ltr'><strong>ad</strong></span> 
     </span>
     <span class='ocr_line' id='line_1_15' title="bbox 217 2019 1310 2122; baseline -0.002 -27"><span class='ocrx_word' id='word_1_90' title='bbox 217 2019 385 2095; x_wconf 81' lang='lat' dir='ltr'><strong>similium</strong></span> <span class='ocrx_word' id='word_1_91' title='bbox 413 2019 602 2093; x_wconf 88' lang='lat' dir='ltr'><strong>verborum</strong></span> <span class='ocrx_word' id='word_1_92' title='bbox 626 2020 840 2122; x_wconf 82' lang='lat' dir='ltr'><strong>analogiam.</strong></span> <span class='ocrx_word' id='word_1_93' title='bbox 895 2023 946 2095; x_wconf 79' lang='lat' dir='ltr'><strong>At</strong></span> <span class='ocrx_word' id='word_1_94' title='bbox 968 2029 1107 2120; x_wconf 70' lang='grc' dir='ltr'><em>χάλκεον</em></span> <span class='ocrx_word' id='word_1_95' title='bbox 1135 2020 1179 2095; x_wconf 90' lang='lat' dir='ltr'><strong>de</strong></span> <span class='ocrx_word' id='word_1_96' title='bbox 1207 2022 1310 2094; x_wconf 77' lang='lat' dir='ltr'><strong>l&#39;cmi·</strong></span> 
     </span>
     <span class='ocr_line' id='line_1_16' title="bbox 217 2121 1311 2225; baseline 0.003 -31"><span class='ocrx_word' id='word_1_97' title='bbox 217 2149 286 2195; x_wconf 86' lang='lat' dir='ltr'><strong>neo</strong></span> <span class='ocrx_word' id='word_1_98' title='bbox 311 2122 472 2195; x_wconf 77' lang='lat' dir='ltr'><strong>ululatui</strong></span> <span class='ocrx_word' id='word_1_99' title='bbox 529 2121 635 2195; x_wconf 84' lang='lat' dir='ltr'><strong>Corri.</strong></span> <span class='ocrx_word' id='word_1_100' title='bbox 664 2149 723 2220; x_wconf 86' lang='lat' dir='ltr'><strong>ap.</strong></span> <span class='ocrx_word' id='word_1_101' title='bbox 759 2122 887 2197; x_wconf 78' lang='lat' dir='ltr'><strong>lioebl.</strong></span> <span class='ocrx_word' id='word_1_102' title='bbox 917 2150 1031 2225; x_wconf 87' lang='lat' dir='ltr'><strong>marg.</strong></span> <span class='ocrx_word' id='word_1_103' title='bbox 1064 2135 1208 2222; x_wconf 80' lang='grc' dir='ltr'><em>χαλκέων</em></span> <span class='ocrx_word' id='word_1_104' title='bbox 1237 2150 1311 2197; x_wconf 84' lang='grc' dir='ltr'><strong><em>ιιοιι</em></strong></span> 
     </span>
     <span class='ocr_line' id='line_1_17' title="bbox 216 2218 949 2325; baseline 0.001 -29"><span class='ocrx_word' id='word_1_105' title='bbox 216 2218 346 2296; x_wconf 70' lang='lat' dir='ltr'><strong>inl&#39;elirc</strong></span> <span class='ocrx_word' id='word_1_106' title='bbox 371 2223 471 2297; x_wconf 84' lang='lat' dir='ltr'><strong>lusus</strong></span> <span class='ocrx_word' id='word_1_107' title='bbox 497 2235 573 2316; x_wconf 81' lang='lat' dir='ltr'><strong>eat,</strong></span> <span class='ocrx_word' id='word_1_108' title='bbox 614 2223 679 2298; x_wconf 82' lang='lat' dir='ltr'><strong>sed</strong></span> <span class='ocrx_word' id='word_1_109' title='bbox 702 2222 794 2296; x_wconf 87' lang='lat' dir='ltr'><strong>nihil</strong></span> <span class='ocrx_word' id='word_1_110' title='bbox 821 2227 949 2325; x_wconf 81' lang='lat' dir='ltr'><strong>magis.</strong></span> 
     </span>
    </p>
   </div>
   <div class='ocr_carea' id='block_1_6' title="bbox 188 2349 1315 3591">
    <p class='ocr_par' dir='ltr' id='par_1_7' title="bbox 188 2349 1310 2856">
     <span class='ocr_line' id='line_1_18' title="bbox 188 2349 1309 2454; baseline 0.01 -32"><span class='ocrx_word' id='word_1_111' title='bbox 188 2356 198 2371; x_wconf 93' lang='lat'>&#39;</span> <span class='ocrx_word' id='word_1_112' title='bbox 317 2349 413 2423; x_wconf 84' lang='grc'><strong>246.</strong></span> <span class='ocrx_word' id='word_1_113' title='bbox 465 2360 642 2454; x_wconf 75' lang='grc' dir='ltr'><strong><em>ἔκτοσθεν]</em></strong></span> <span class='ocrx_word' id='word_1_114' title='bbox 685 2354 813 2425; x_wconf 84' lang='lat' dir='ltr'><strong>Heinr.</strong></span> <span class='ocrx_word' id='word_1_115' title='bbox 842 2353 1003 2451; x_wconf 79' lang='lat' dir='ltr'><strong>reposuit</strong></span> <span class='ocrx_word' id='word_1_116' title='bbox 1025 2364 1194 2432; x_wconf 73' lang='grc' dir='ltr'><strong>ἔντοσθεν.</strong></span> <span class='ocrx_word' id='word_1_117' title='bbox 1245 2349 1309 2433; x_wconf 73' lang='lat' dir='ltr'><strong>Ser</strong></span> 
     </span>
     <span class='ocr_line' id='line_1_19' title="bbox 218 2452 1310 2552; baseline -0.002 -26"><span class='ocrx_word' id='word_1_118' title='bbox 218 2480 283 2526; x_wconf 82' lang='lat' dir='ltr'><strong>nes</strong></span> <span class='ocrx_word' id='word_1_119' title='bbox 308 2456 404 2527; x_wconf 88' lang='lat' dir='ltr'><strong>enim</strong></span> <span class='ocrx_word' id='word_1_120' title='bbox 430 2455 524 2530; x_wconf 81' lang='lat' dir='ltr'><strong>intra</strong></span> <span class='ocrx_word' id='word_1_121' title='bbox 547 2456 686 2528; x_wconf 87' lang='lat' dir='ltr'><strong>moenia</strong></span> <span class='ocrx_word' id='word_1_122' title='bbox 712 2452 940 2552; x_wconf 85' lang='lat' dir='ltr'><strong>relinquendi</strong></span> <span class='ocrx_word' id='word_1_123' title='bbox 961 2467 1076 2527; x_wconf 83' lang='lat' dir='ltr'><strong>erant.</strong></span> <span class='ocrx_word' id='word_1_124' title='bbox 1132 2457 1250 2543; x_wconf 80' lang='lat' dir='ltr'><strong>Rene,</strong></span> <span class='ocrx_word' id='word_1_125' title='bbox 1277 2455 1310 2524; x_wconf 82' lang='lat' dir='ltr'><strong>ai</strong></span> 
     </span>
     <span class='ocr_line' id='line_1_20' title="bbox 219 2554 1310 2655; baseline -0.001 -29"><span class='ocrx_word' id='word_1_126' title='bbox 219 2554 263 2627; x_wconf 88' lang='lat' dir='ltr'><strong>de</strong></span> <span class='ocrx_word' id='word_1_127' title='bbox 289 2566 364 2626; x_wconf 83' lang='lat' dir='ltr'><strong>arte</strong></span> <span class='ocrx_word' id='word_1_128' title='bbox 388 2565 513 2652; x_wconf 83' lang='lat' dir='ltr'><strong>poetae</strong></span> <span class='ocrx_word' id='word_1_129' title='bbox 539 2558 678 2653; x_wconf 80' lang='lat' dir='ltr'><strong>agitur3</strong></span> <span class='ocrx_word' id='word_1_130' title='bbox 725 2581 822 2627; x_wconf 89' lang='lat' dir='ltr'><strong>nunc</strong></span> <span class='ocrx_word' id='word_1_131' title='bbox 857 2554 1067 2627; x_wconf 83' lang='lat' dir='ltr'><strong>mulieribus</strong></span> <span class='ocrx_word' id='word_1_132' title='bbox 1099 2554 1170 2629; x_wconf 87' lang='lat' dir='ltr'><strong>hoc</strong></span> <span class='ocrx_word' id='word_1_133' title='bbox 1195 2558 1310 2655; x_wconf 77' lang='lat' dir='ltr'><strong>tribu·</strong></span> 
     </span>
     <span class='ocr_line' id='line_1_21' title="bbox 219 2654 1310 2754; baseline 0.001 -28"><span class='ocrx_word' id='word_1_134' title='bbox 219 2669 318 2748; x_wconf 80' lang='lat' dir='ltr'><strong>tum,</strong></span> <span class='ocrx_word' id='word_1_135' title='bbox 357 2668 398 2728; x_wconf 84' lang='lat' dir='ltr'><strong>ut</strong></span> <span class='ocrx_word' id='word_1_136' title='bbox 427 2659 521 2729; x_wconf 90' lang='lat' dir='ltr'><strong>iutra</strong></span> <span class='ocrx_word' id='word_1_137' title='bbox 553 2654 679 2728; x_wconf 84' lang='lat' dir='ltr'><strong>urbem</strong></span> <span class='ocrx_word' id='word_1_138' title='bbox 719 2665 772 2731; x_wconf 74' lang='grc' dir='ltr'><strong>ἐπὶ</strong></span> <span class='ocrx_word' id='word_1_139' title='bbox 801 2656 934 2754; x_wconf 74' lang='grc' dir='ltr'><em>πύργων</em></span> <span class='ocrx_word' id='word_1_140' title='bbox 953 2656 1213 2752; x_wconf 61' lang='grc' dir='ltr'><strong>οεἰιιΙιιιιιιλιιι-;</strong></span> <span class='ocrx_word' id='word_1_141' title='bbox 1261 2659 1310 2729; x_wconf 83' lang='lat' dir='ltr'><strong>ita</strong></span> 
     </span>
     <span class='ocr_line' id='line_1_22' title="bbox 220 2759 1181 2856; baseline 0.012 -29"><span class='ocrx_word' id='word_1_142' title='bbox 220 2759 384 2855; x_wconf 76' lang='lat' dir='ltr'><strong>sequitur</strong></span> <span class='ocrx_word' id='word_1_143' title='bbox 408 2765 568 2837; x_wconf 75' lang='grc' dir='ltr'><strong>ἔκτοσθεν</strong></span> <span class='ocrx_word' id='word_1_144' title='bbox 592 2765 712 2842; x_wconf 69' lang='grc' dir='ltr'><strong>πυλῶν.</strong></span> <span class='ocrx_word' id='word_1_145' title='bbox 1177 2846 1181 2856; x_wconf 90' lang='lat'><em>.</em></span> 
     </span>
    </p>

    <p class='ocr_par' dir='ltr' id='par_1_8' title="bbox 220 2881 1315 3591">
     <span class='ocr_line' id='line_1_23' title="bbox 321 2881 1311 2984; baseline 0.001 -30"><span class='ocrx_word' id='word_1_146' title='bbox 321 2881 416 2957; x_wconf 69' lang='grc'><strong>254.</strong></span> <span class='ocrx_word' id='word_1_147' title='bbox 468 2887 567 2980; x_wconf 74' lang='grc' dir='ltr'><em>βάλλ’</em></span> <span class='ocrx_word' id='word_1_148' title='bbox 605 2885 745 2984; x_wconf 74' lang='grc' dir='ltr'><strong><em>ὄνυχας]</em></strong></span> <span class='ocrx_word' id='word_1_149' title='bbox 790 2910 856 2982; x_wconf 80' lang='lat' dir='ltr'><strong>pro</strong></span> <span class='ocrx_word' id='word_1_150' title='bbox 890 2890 1014 2978; x_wconf 76' lang='grc' dir='ltr'><em>βάλλον</em></span> <span class='ocrx_word' id='word_1_151' title='bbox 1056 2885 1146 2956; x_wconf 82' lang='lat' dir='ltr'><strong>vilio</strong></span> <span class='ocrx_word' id='word_1_152' title='bbox 1185 2896 1311 2979; x_wconf 79' lang='lat' dir='ltr'><strong>poetae</strong></span> 
     </span>
     <span class='ocr_line' id='line_1_24' title="bbox 220 2985 1313 3085; baseline -0.004 -26"><span class='ocrx_word' id='word_1_153' title='bbox 220 2985 318 3059; x_wconf 82' lang='lat' dir='ltr'><strong>baud</strong></span> <span class='ocrx_word' id='word_1_154' title='bbox 343 2986 472 3078; x_wconf 83' lang='lat' dir='ltr'><strong>dubie,</strong></span> <span class='ocrx_word' id='word_1_155' title='bbox 509 2988 659 3060; x_wconf 73' lang='lat' dir='ltr'><strong>fortusse</strong></span> <span class='ocrx_word' id='word_1_156' title='bbox 683 2987 872 3085; x_wconf 78' lang='lat' dir='ltr'><strong>cogitantis</strong></span> <span class='ocrx_word' id='word_1_157' title='bbox 895 2987 1013 3075; x_wconf 75' lang='grc' dir='ltr'><em>ἑκάστη</em></span> <span class='ocrx_word' id='word_1_158' title='bbox 1038 3011 1084 3057; x_wconf 86' lang='lat' dir='ltr'><strong>cx</strong></span> <span class='ocrx_word' id='word_1_159' title='bbox 1105 2993 1227 3070; x_wconf 75' lang='grc' dir='ltr'><strong><em>πᾶσαι,</em></strong></span> <span class='ocrx_word' id='word_1_160' title='bbox 1272 2996 1313 3056; x_wconf 83' lang='lat' dir='ltr'><strong>ut</strong></span> 
     </span>
     <span class='ocr_line' id='line_1_25' title="bbox 220 3084 1314 3187; baseline -0.002 -29"><span class='ocrx_word' id='word_1_161' title='bbox 220 3090 290 3160; x_wconf 85' lang='lat' dir='ltr'><strong>ianr</strong></span> <span class='ocrx_word' id='word_1_162' title='bbox 316 3087 378 3161; x_wconf 86' lang='lat' dir='ltr'><strong>alii</strong></span> <span class='ocrx_word' id='word_1_163' title='bbox 403 3100 585 3186; x_wconf 82' lang='lat' dir='ltr'><strong>putarunt.</strong></span> <span class='ocrx_word' id='word_1_164' title='bbox 640 3089 772 3163; x_wconf 81' lang='lat' dir='ltr'><strong>Securo</strong></span> <span class='ocrx_word' id='word_1_165' title='bbox 796 3086 849 3187; x_wconf 80' lang='lat' dir='ltr'><strong>gl.</strong></span> <span class='ocrx_word' id='word_1_166' title='bbox 879 3088 968 3160; x_wconf 77' lang='lat' dir='ltr'><strong>Bar.</strong></span> <span class='ocrx_word' id='word_1_167' title='bbox 996 3087 1042 3159; x_wconf 88' lang='lat' dir='ltr'><strong>ad</strong></span> <span class='ocrx_word' id='word_1_168' title='bbox 1074 3087 1174 3180; x_wconf 75' lang='grc' dir='ltr'><em>βάλλ’</em></span> <span class='ocrx_word' id='word_1_169' title='bbox 1213 3084 1314 3158; x_wconf 80' lang='lat' dir='ltr'><strong>addit</strong></span> 
     </span>
     <span class='ocr_line' id='line_1_26' title="bbox 221 3187 1312 3287; baseline -0.005 -23"><span class='ocrx_word' id='word_1_170' title='bbox 221 3198 378 3284; x_wconf 76' lang='grc' dir='ltr'><em>ἔβαλλον,</em></span> <span class='ocrx_word' id='word_1_171' title='bbox 409 3193 568 3264; x_wconf 79' lang='lat' dir='ltr'><strong>numeria</strong></span> <span class='ocrx_word' id='word_1_172' title='bbox 594 3192 750 3265; x_wconf 76' lang='lat' dir='ltr'><strong>metricis</strong></span> <span class='ocrx_word' id='word_1_173' title='bbox 771 3191 902 3263; x_wconf 81' lang='lat' dir='ltr'><strong>bouem</strong></span> <span class='ocrx_word' id='word_1_174' title='bbox 928 3201 1116 3287; x_wconf 84' lang='lat' dir='ltr'><strong>grammat.</strong></span> <span class='ocrx_word' id='word_1_175' title='bbox 1145 3187 1312 3286; x_wconf 86' lang='lat' dir='ltr'><strong>iugulan-</strong></span> 
     </span>
     <span class='ocr_line' id='line_1_27' title="bbox 221 3287 1315 3390; baseline -0.003 -28"><span class='ocrx_word' id='word_1_176' title='bbox 221 3291 333 3363; x_wconf 85' lang='lat' dir='ltr'><strong>tibua.</strong></span> <span class='ocrx_word' id='word_1_177' title='bbox 397 3291 477 3362; x_wconf 84' lang='lat' dir='ltr'><strong>Alia</strong></span> <span class='ocrx_word' id='word_1_178' title='bbox 513 3319 639 3363; x_wconf 78' lang='lat' dir='ltr'><strong>manus</strong></span> <span class='ocrx_word' id='word_1_179' title='bbox 670 3293 707 3375; x_wconf 88' lang='lat' dir='ltr'><strong>in</strong></span> <span class='ocrx_word' id='word_1_180' title='bbox 740 3317 855 3390; x_wconf 72' lang='lat' dir='ltr'><strong>marg.</strong></span> <span class='ocrx_word' id='word_1_181' title='bbox 892 3287 980 3363; x_wconf 62' lang='lat' dir='ltr'><strong>veis</strong></span> <span class='ocrx_word' id='word_1_182' title='bbox 1003 3290 1089 3363; x_wconf 82' lang='lat' dir='ltr'><strong>edit.</strong></span> <span class='ocrx_word' id='word_1_183' title='bbox 1125 3290 1315 3386; x_wconf 76' lang='lat' dir='ltr'><strong>adscripsit</strong></span> 
     </span>
     <span class='ocr_line' id='line_1_28' title="bbox 222 3394 1314 3492; baseline -0.005 -24"><span class='ocrx_word' id='word_1_184' title='bbox 222 3394 322 3487; x_wconf 72' lang='grc' dir='ltr'><em>βάλλ’</em></span> <span class='ocrx_word' id='word_1_185' title='bbox 350 3420 416 3490; x_wconf 87' lang='lat' dir='ltr'><strong>pro</strong></span> <span class='ocrx_word' id='word_1_186' title='bbox 440 3397 566 3488; x_wconf 78' lang='grc' dir='ltr'><strong>βάλλοι</strong></span> <span class='ocrx_word' id='word_1_187' title='bbox 591 3394 661 3466; x_wconf 91' lang='lat' dir='ltr'><strong>dici</strong></span> <span class='ocrx_word' id='word_1_188' title='bbox 685 3406 831 3491; x_wconf 80' lang='lat' dir='ltr'><strong>propter</strong></span> <span class='ocrx_word' id='word_1_189' title='bbox 857 3423 897 3467; x_wconf 76' lang='lat' dir='ltr'><strong>ov</strong></span> <span class='ocrx_word' id='word_1_190' title='bbox 921 3418 1101 3490; x_wconf 86' lang='lat' dir='ltr'><strong>sequens,</strong></span> <span class='ocrx_word' id='word_1_191' title='bbox 1141 3419 1233 3492; x_wconf 83' lang='lat' dir='ltr'><strong>quae</strong></span> <span class='ocrx_word' id='word_1_192' title='bbox 1257 3416 1314 3463; x_wconf 88' lang='lat' dir='ltr'><strong>ra·</strong></span> 
     </span>
     <span class='ocr_line' id='line_1_29' title="bbox 224 3492 1029 3591; baseline 0 -24"><span class='ocrx_word' id='word_1_193' title='bbox 224 3497 274 3568; x_wconf 87' lang='lat' dir='ltr'><strong>tio</strong></span> <span class='ocrx_word' id='word_1_194' title='bbox 300 3496 407 3566; x_wconf 82' lang='lat' dir='ltr'><strong>nimia</strong></span> <span class='ocrx_word' id='word_1_195' title='bbox 433 3497 618 3591; x_wconf 84' lang='lat' dir='ltr'><strong>ingeniosa</strong></span> <span class='ocrx_word' id='word_1_196' title='bbox 639 3505 694 3567; x_wconf 83' lang='lat' dir='ltr'><strong>est</strong></span> <span class='ocrx_word' id='word_1_197' title='bbox 718 3493 868 3567; x_wconf 89' lang='lat' dir='ltr'><strong>necdum</strong></span> <span class='ocrx_word' id='word_1_198' title='bbox 895 3492 1029 3567; x_wconf 78' lang='lat' dir='ltr'><strong>audita.</strong></span> 
     </span>
    </p>
   </div>
   <div class='ocr_carea' id='block_1_7' title="bbox 225 3619 1317 4229">
    <p class='ocr_par' dir='ltr' id='par_1_9' title="bbox 225 3619 1317 4026">
     <span class='ocr_line' id='line_1_30' title="bbox 325 3619 1313 3713; baseline -0.009 -14"><span class='ocrx_word' id='word_1_199' title='bbox 325 3634 441 3712; x_wconf 72' lang='grc' dir='ltr'><em>κατῇεν</em></span> <span class='ocrx_word' id='word_1_200' title='bbox 492 3623 545 3697; x_wconf 81' lang='lat' dir='ltr'><strong>llo</strong></span> <span class='ocrx_word' id='word_1_201' title='bbox 571 3621 799 3697; x_wconf 85' lang='lat' dir='ltr'><strong>scribendum</strong></span> <span class='ocrx_word' id='word_1_202' title='bbox 824 3625 902 3696; x_wconf 80' lang='lat' dir='ltr'><strong>sine</strong></span> <span class='ocrx_word' id='word_1_203' title='bbox 928 3621 1058 3713; x_wconf 85' lang='lat' dir='ltr'><strong>dubio,</strong></span> <span class='ocrx_word' id='word_1_204' title='bbox 1089 3619 1157 3694; x_wconf 79' lang='lat' dir='ltr'><strong>cfr.</strong></span> <span class='ocrx_word' id='word_1_205' title='bbox 1177 3622 1313 3692; x_wconf 81' lang='lat' dir='ltr'><strong>Buttm.</strong></span> 
     </span>
     <span class='ocr_line' id='line_1_31' title="bbox 226 3635 1317 3825; baseline -0.004 -30"><span class='ocrx_word' id='word_1_206' title='bbox 226 3723 287 3825; x_wconf 87' lang='lat' dir='ltr'><strong>[l‚</strong></span> <span class='ocrx_word' id='word_1_207' title='bbox 324 3752 361 3821; x_wconf 84' lang='lat' dir='ltr'><strong>p.</strong></span> <span class='ocrx_word' id='word_1_208' title='bbox 386 3635 486 3825; x_wconf 71' lang='lat' dir='ltr'><strong>bel]</strong></span> <span class='ocrx_word' id='word_1_209' title='bbox 525 3723 770 3798; x_wconf 83' lang='lat' dir='ltr'><strong>*Ridiculum</strong></span> <span class='ocrx_word' id='word_1_210' title='bbox 806 3737 880 3814; x_wconf 84' lang='lat' dir='ltr'><strong>est,</strong></span> <span class='ocrx_word' id='word_1_211' title='bbox 929 3722 1026 3822; x_wconf 86' lang='lat' dir='ltr'><strong>quod</strong></span> <span class='ocrx_word' id='word_1_212' title='bbox 1056 3725 1205 3815; x_wconf 77' lang='lat' dir='ltr'><strong>vitium,</strong></span> <span class='ocrx_word' id='word_1_213' title='bbox 1258 3724 1317 3793; x_wconf 84' lang='lat' dir='ltr'><strong>cui</strong></span> 
     </span>
     <span class='ocr_line' id='line_1_32' title="bbox 225 3823 1316 3925; baseline -0.005 -27"><span class='ocrx_word' id='word_1_214' title='bbox 225 3838 297 3898; x_wconf 80' lang='lat' dir='ltr'><strong>tum</strong></span> <span class='ocrx_word' id='word_1_215' title='bbox 328 3827 444 3899; x_wconf 83' lang='lat' dir='ltr'><strong>lucilis</strong></span> <span class='ocrx_word' id='word_1_216' title='bbox 470 3825 606 3900; x_wconf 81' lang='lat' dir='ltr'><strong>medela</strong></span> <span class='ocrx_word' id='word_1_217' title='bbox 631 3827 753 3900; x_wconf 82' lang='lat' dir='ltr'><strong>all&#39;crri</strong></span> <span class='ocrx_word' id='word_1_218' title='bbox 787 3836 945 3925; x_wconf 79' lang='lat' dir='ltr'><strong>poterat,</strong></span> <span class='ocrx_word' id='word_1_219' title='bbox 986 3823 1148 3896; x_wconf 77' lang='lat' dir='ltr'><strong>tamdiu</strong></span> <span class='ocrx_word' id='word_1_220' title='bbox 1180 3826 1316 3896; x_wconf 87' lang='lat' dir='ltr'><strong>incom-</strong></span> 
     </span>
     <span class='ocr_line' id='line_1_33' title="bbox 225 3930 535 4026; baseline -0.01 -24"><span class='ocrx_word' id='word_1_221' title='bbox 225 3940 366 4026; x_wconf 80' lang='lat' dir='ltr'><strong>pertum</strong></span> <span class='ocrx_word' id='word_1_222' title='bbox 393 3930 535 4001; x_wconf 79' lang='lat' dir='ltr'><strong>rnaosit.</strong></span> 
     </span>
    </p>

    <p class='ocr_par' dir='ltr' id='par_1_10' title="bbox 226 4023 1317 4229">
     <span class='ocr_line' id='line_1_34' title="bbox 329 4023 1317 4121; baseline -0.006 -20"><span class='ocrx_word' id='word_1_223' title='bbox 329 4028 513 4103; x_wconf 81' lang='lat' dir='ltr'><strong>Dolcbuut</strong></span> <span class='ocrx_word' id='word_1_224' title='bbox 547 4027 815 4121; x_wconf 75' lang='lat' dir='ltr'><strong>emendatores,</strong></span> <span class='ocrx_word' id='word_1_225' title='bbox 859 4027 956 4100; x_wconf 90' lang='lat' dir='ltr'><strong>hunc</strong></span> <span class='ocrx_word' id='word_1_226' title='bbox 991 4053 1132 4099; x_wconf 80' lang='lat' dir='ltr'><strong>versum</strong></span> <span class='ocrx_word' id='word_1_227' title='bbox 1164 4023 1317 4099; x_wconf 84' lang='lat' dir='ltr'><strong>subduci</strong></span> 
     </span>
     <span class='ocr_line' id='line_1_35' title="bbox 226 4158 445 4229; baseline 0 -26"><span class='ocrx_word' id='word_1_228' title='bbox 226 4158 301 4206; x_wconf 86' lang='lat' dir='ltr'><strong>nou</strong></span> <span class='ocrx_word' id='word_1_229' title='bbox 326 4158 445 4229; x_wconf 84' lang='lat' dir='ltr'><strong>posse.</strong></span> 
     </span>
    </p>
   </div>
   <div class='ocr_carea' id='block_1_8' title="bbox 227 4264 1320 4572">
    <p class='ocr_par' dir='ltr' id='par_1_11' title="bbox 227 4264 1320 4572">
     <span class='ocr_line' id='line_1_36' title="bbox 329 4264 1319 4368; baseline -0.002 -32"><span class='ocrx_word' id='word_1_230' title='bbox 329 4264 420 4337; x_wconf 75' lang='lat'><strong>2²59.</strong></span> <span class='ocrx_word' id='word_1_231' title='bbox 477 4269 565 4368; x_wconf 76' lang='grc' dir='ltr'><strong><em>οὔτι]</em></strong></span> <span class='ocrx_word' id='word_1_232' title='bbox 591 4274 610 4312; x_wconf 79' lang='lat'><em>*</em></span> <span class='ocrx_word' id='word_1_233' title='bbox 631 4266 760 4365; x_wconf 84' lang='lat' dir='ltr'><strong>Neque</strong></span> <span class='ocrx_word' id='word_1_234' title='bbox 785 4265 872 4338; x_wconf 85' lang='lat' dir='ltr'><strong>haec</strong></span> <span class='ocrx_word' id='word_1_235' title='bbox 895 4293 964 4338; x_wconf 82' lang='lat' dir='ltr'><strong>vox</strong></span> <span class='ocrx_word' id='word_1_236' title='bbox 991 4277 1071 4363; x_wconf 83' lang='lat' dir='ltr'><strong>apta</strong></span> <span class='ocrx_word' id='word_1_237' title='bbox 1098 4277 1173 4355; x_wconf 78' lang='lat' dir='ltr'><strong>est,</strong></span> <span class='ocrx_word' id='word_1_238' title='bbox 1202 4288 1319 4360; x_wconf 87' lang='lat' dir='ltr'><strong>neque</strong></span> 
     </span>
     <span class='ocr_line' id='line_1_37' title="bbox 227 4368 1320 4466; baseline -0.006 -26"><span class='ocrx_word' id='word_1_239' title='bbox 227 4379 341 4442; x_wconf 82' lang='lat' dir='ltr'><strong>totum</strong></span> <span class='ocrx_word' id='word_1_240' title='bbox 369 4368 566 4443; x_wconf 83' lang='lat' dir='ltr'><strong>membrum</strong></span> <span class='ocrx_word' id='word_1_241' title='bbox 594 4381 688 4442; x_wconf 86' lang='lat' dir='ltr'><strong>recte</strong></span> <span class='ocrx_word' id='word_1_242' title='bbox 710 4370 968 4465; x_wconf 60' lang='lat' dir='ltr'><strong>compositum</strong></span> <span class='ocrx_word' id='word_1_243' title='bbox 1013 4394 1129 4466; x_wconf 88' lang='lat' dir='ltr'><strong>neque</strong></span> <span class='ocrx_word' id='word_1_244' title='bbox 1155 4379 1215 4461; x_wconf 76' lang='grc' dir='ltr'><strong>μὲν</strong></span> <span class='ocrx_word' id='word_1_245' title='bbox 1239 4379 1320 4463; x_wconf 79' lang='lat' dir='ltr'><strong>post</strong></span> 
     </span>
     <span class='ocr_line' id='line_1_38' title="bbox 227 4466 1320 4572; baseline -0.005 -31"><span class='ocrx_word' id='word_1_246' title='bbox 227 4469 349 4560; x_wconf 63' lang='lat' dir='ltr'><strong>ridici</strong></span> <span class='ocrx_word' id='word_1_247' title='bbox 379 4497 484 4570; x_wconf 78' lang='lat' dir='ltr'><strong>posse</strong></span> <span class='ocrx_word' id='word_1_248' title='bbox 516 4471 690 4572; x_wconf 78' lang='lat' dir='ltr'><strong>videtur.)</strong></span> <span class='ocrx_word' id='word_1_249' title='bbox 747 4467 917 4543; x_wconf 80' lang='lat' dir='ltr'><strong>Nondum</strong></span> <span class='ocrx_word' id='word_1_250' title='bbox 953 4469 1056 4542; x_wconf 83' lang='lat' dir='ltr'><strong>video</strong></span> <span class='ocrx_word' id='word_1_251' title='bbox 1091 4466 1226 4559; x_wconf 88' lang='lat' dir='ltr'><strong>lucem,</strong></span> <span class='ocrx_word' id='word_1_252' title='bbox 1274 4492 1320 4537; x_wconf 86' lang='lat' dir='ltr'><strong>ue</strong></span> 
     </span>
    </p>
   </div>
   <div class='ocr_carea' id='block_1_9' title="bbox 1040 4589 1089 4661">
    <p class='ocr_par' dir='ltr' id='par_1_12' title="bbox 1040 4589 1089 4661">
     <span class='ocr_line' id='line_1_39' title="bbox 1040 4589 1089 4661; baseline 0 -23"><span class='ocrx_word' id='word_1_253' title='bbox 1040 4589 1089 4661; x_wconf 64' lang='lat'><strong>7*</strong></span> 
     </span>
    </p>
   </div>
   <div class='ocr_carea' id='block_1_10' title="bbox 0 0 1551 5264">
    <p class='ocr_par' dir='ltr' id='par_1_13' title="bbox 0 0 1551 5264">
     <span class='ocr_line' id='line_1_40' title="bbox 0 0 1551 5264; baseline 0 0"><span class='ocrx_word' id='word_1_254' title='bbox 0 0 1551 5264; x_wconf 95' lang='lat' dir='ltr'><strong> </strong></span> 
     </span>
    </p>
   </div>
  </div>
 </body>
</html>
