3044 5264
332 384 410 460 188
610 395 891 470 APPARATUS
925 393 1149 472 CRlTlCUS.

344 614 428 678 ’τοῦ
448 615 504 678 καὶ
527 602 671 678 ὀδόντων
694 616 754 696 μὲν
777 605 903 695 καναχὴ
925 608 1042 674 πέλεν·
1077 600 1185 687 ΧΙΧ,
1213 594 1312 690 565,
1358 627 1430 696 quo

342 707 422 800 ipso
448 706 628 776 tamenin
655 703 734 774 loco
757 705 825 772 iam
851 728 870 772 a
900 700 1077 779 veteribus
1101 702 1338 797 grammaticis
1365 701 1430 772 du·

341 803 492 877 hitatnm
517 816 588 897 est,
629 804 804 875 Homerus
825 830 910 874 num
939 828 1021 875 vere
1047 828 1112 901 pro
1133 814 1278 874 auctore
1304 800 1432 874 lmbcri

341 909 473 1005 possit,
509 906 558 978 cl'.
587 904 715 977 scholl.
745 905 866 976 Vena.
891 904 935 976 11
962 906 988 974 l.
1013 902 1063 996 l.,
1099 930 1190 1001 quac
1217 906 1432 975 correctiora

342 1007 457 1080 edidit
489 1006 619 1078 Lebrs.
652 1009 851 1077 Aristarcb.
881 1034 919 1102 p.
941 1002 1034 1076 562.
1074 1006 1192 1103 Hcpu.
1222 1004 1268 1075 ad
1300 1005 1346 1102 ll.
1380 1006 1427 1077 T.

341 1109 436 1198 vlt,
477 1135 514 1205 p.
532 1105 623 1180 686.
665 1108 803 1204 Spitzn.
836 1106 880 1178 ad
912 1106 939 1177 l.
966 1107 991 1204 l.
1073 1106 1128 1177 lbi
1164 1109 1196 1176 si
1231 1133 1301 1177 non
1338 1120 1433 1179 esset

342 1209 599 1300 dubitandum,
644 1208 869 1308 intelligendi
895 1220 1013 1281 essent
1044 1233 1167 1280 versus
1194 1207 1238 1279 de
1269 1208 1429 1279 dentium

341 1311 494 1382 stridore
520 1337 564 1381 cx
598 1313 705 1381 nimia
732 1309 884 1382 Achillis
910 1312 961 1381 ira
999 1322 1142 1399 exorto,
1189 1322 1229 1382 ut
1263 1308 1431 1382 frendere

341 1413 437 1509 apud
462 1412 607 1483 Latinos
634 1411 678 1483 de
701 1414 799 1482 iratis
824 1437 895 1481 non
923 1438 1001 1483 raro
1025 1411 1168 1482 dicitur.
1229 1410 1338 1506 Apud
1366 1437 1430 1483 nos

341 1539 427 1586 vero
458 1513 501 1584 de
537 1511 764 1609 serpentibus
791 1511 1025 1611 intelligitur,
1075 1539 1165 1609 quos
1196 1511 1431 1583 Heinricbius

340 1617 393 1687 ait
416 1641 455 1688 re
482 1641 564 1686 vera
590 1614 758 1686 dentibus
781 1614 915 1687 collisis
942 1614 1035 1687 lucto
1061 1615 1212 1711 strepitu
1240 1614 1332 1685 busti
1359 1626 1430 1685 ter·

340 1743 458 1788 rorem
507 1718 666 1789 incutere
709 1719 839 1788 solere.
930 1717 1094 1815 Heynins
1145 1727 1267 1786 contra
1312 1718 1430 1787 »miro

341 1819 472 1890 modo«
505 1820 555 1890 ait
593 1817 843 1915 »serpentibus
870 1817 1063 1909 tribuitur,
1113 1814 1210 1914 quod
1237 1819 1428 1913 pugnanti·

340 1916 410 1991 bus
447 1919 721 1993 conveniebat«
797 1922 851 1992 Αο
888 1921 1048 2015 prolecto
1089 1917 1250 1989 dentium
1290 1916 1428 1988 collisio

340 2047 415 2093 non
443 2023 536 2111 irae,
576 2020 639 2092 sed
664 2023 827 2092 tremoris
849 2023 991 2117 signnm
1019 2030 1073 2091 est
1097 2018 1193 2116 apud
1214 2019 1426 2109 Homerum,

256 2211 257 2217 ἵ
340 2121 405 2192 ubi
439 2121 532 2192 Dolo
575 2124 733 2217 capitur,
797 2121 841 2191 ll.
876 2123 934 2210 X,
967 2115 1050 2190 591
1093 2123 1136 2196 »ὁ
1174 2125 1204 2194 δ’
1244 2121 1301 2218 ἄρ’
1342 2126 1430 2209 ἔστη,

202 2230 206 2238 ’
340 2223 505 2320 τάρβησέν
537 2254 587 2308 τε,
630 2231 825 2318 βαμβαίνων
848 2265 900 2276 ·-
925 2224 1053 2319 ἄραβος
1084 2233 1119 2298 δὲ
1153 2225 1208 2296 διὰ
1240 2223 1351 2317 στόμα
1382 2233 1431 2316 71·

340 2330 427 2418 ym’
459 2325 639 2397 ὀδόντων.«
691 2323 799 2416 Quod
825 2322 968 2420 quidem
996 2325 1027 2394 si
1054 2323 1099 2394 ad
1125 2335 1287 2395 nostrum
1313 2322 1430 2394 locum

343 2423 594 2519 explicandum
616 2423 807 2514 adhibeas,
837 2428 953 2522 aptior
978 2424 1128 2497 sortasse
1152 2426 1206 2496 rei
1233 2425 1324 2496 ratio
1350 2450 1431 2520 pro·

343 2525 450 2598 cedit.
516 2528 593 2597 lam
629 2529 723 2596 enim
761 2526 947 2598 duodecim
978 2539 1182 2623 serpentum
1210 2527 1323 2622 capitu
1352 2538 1429 2596 tan·

343 2638 420 2698 tum
447 2627 584 2699 efficere
610 2629 704 2699 inter
728 2627 891 2699 hominos
916 2641 1085 2700 terrorem
1112 2652 1351 2724 pavoremque
1379 2626 1431 2698 di·

341 2740 473 2801 cuntur
499 2731 696 2828 (φοβέεσκον
720 2739 771 2805 ἐπὶ
793 2741 897 2826 χθονὶ
923 2731 1000 2829 φῦλ’
1026 2729 1249 2829 ἀνθρώπων),
1278 2740 1318 2799 ul
1345 2728 1430 2800 den·

341 2833 430 2902 tium
453 2829 542 2904 adeo
562 2832 730 2927 strepitus
752 2858 835 2928 prae
861 2834 987 2903 timore
1010 2835 1204 2903 exoriatur.
1246 2829 1430 2901 Praeclare

339 2933 389 3004 ita
416 2933 523 3004 huius
549 2934 618 3004 loci
642 2935 876 3005 conformatio
902 2936 1161 3005 conveniteum
1187 2930 1430 3028 praecedenti·

339 3031 409 3106 hus
434 3029 708 3131 vs.150sqq.;
745 3043 810 3111 τῶν
829 3047 965 3129 spectat
983 3035 1028 3105 11
1045 3033 1203 3121 cosdem,
1232 3032 1275 3104 dc
1296 3032 1429 3130 quibus

339 3136 378 3206 in
405 3133 567 3206 versibus
596 3137 756 3229 proxime
790 3135 972 3207 collocatis
998 3161 1114 3207 sermo
1142 3136 1326 3206 institutus
1354 3136 1429 3205 fue-

339 3247 414 3329 rat5
454 3260 572 3332 neque
598 3234 821 3309 incommode
853 3237 971 3307 addita
1005 3248 1041 3307 ct
1067 3235 1124 3307 bis
1150 3237 1313 3333 opposita
1346 3248 1431 3306 sunt

338 3336 448 3409 verba
473 3337 658 3433 sequentia
697 3338 763 3410 »roi
789 3347 823 3412 δὲ
849 3347 959 3412 δαίετο
987 3342 1150 3432 θαυματὰ
1178 3346 1303 3433 eppa«,
1343 3337 1428 3406 »illa

310 3451 457 3511 autem
484 3463 590 3533 opera
613 3437 817 3510 admiranda
843 3438 1127 3535 splendeltant·;
1164 3438 1343 3511 evanescit
1369 3437 1429 3508 de·

339 3543 450 3639 nique
485 3538 616 3611 stridor
646 3538 806 3611 dentium
842 3567 886 3612 cx
926 3540 1152 3637 serpentibus
1194 3553 1315 3626 ortus,
1364 3539 1428 3636 qui

338 3645 408 3714 iam
421 3640 772 3740 Schliclrtcgrollium
798 3641 959 3740 aliosque
984 3642 1087 3714 valde
1114 3644 1238 3731 torsit,
1276 3640 1325 3711 ol'.
1356 3643 1381 3711 l.
1400 3639 1427 3710 l.

339 3769 378 3840 p.
398 3740 450 3813 53
469 3769 572 3841 seqq.
648 3742 923 3815 Conccdcndum
962 3741 1101 3833 tamen,
1149 3742 1334 3841 vulgarem
1361 3740 1429 3813 hoc

340 3846 385 3916 dc
411 3844 489 3916 loco
515 3846 726 3916 sententiam
752 3844 846 3941 apud
880 3871 1003 3917 omnes
1039 3845 1247 3917 scholiastes
1274 3855 1425 3914 exstare.

341 3946 508 4017 Ceterum
541 3947 590 4017 cl.
620 3944 756 4016 Obsvv.
784 3948 982 4017 miscellan.
1004 3946 1043 4038 l,
1074 3973 1110 4044 p.
1134 3943 1212 4016 557
1235 3970 1291 4041 sq.

441 4043 531 4117 165.
581 4045 905 4149 Ἀμφιτρυωνιάδης]
945 4051 1226 4149 Ἀμφιτροωνίδης
1253 4048 1296 4116 B·
1349 4047 1430 4141 Ἀμ-

339 4149 563 4247 εμιτριωνιάδις
588 4149 714 4221 Trinc.

440 4251 483 4321 roi
506 4256 540 4322 dl
566 4258 692 4351 δαίετο]
717 4251 796 4324 τάδε
820 4259 929 4326 δαίετο
957 4252 1060 4324 Diae.
1098 4257 1139 4327 τά
1167 4261 1268 4326 δὲ·-
1283 4265 1431 4348 ἔλαμπον

341 4352 527 4445 interpret.
567 4348 596 4418 s.
625 4357 676 4405 —'-
738 4353 780 4423 ln
814 4358 860 4423 Α.
898 4353 960 4424 alii
995 4353 1160 4452 legerunt
1195 4356 1274 4428 τάδε
1307 4364 1429 4437 δαίετο,

341 4450 402 4524 alii
428 4454 470 4526 τὰ
492 4459 648 4528 troarno.
671 4499 722 4512 -
791 4456 867 4530 τάδ’
897 4465 1022 4533 ἐδαίετο
1045 4459 1085 4530 F.
1139 4455 1215 4530 τάδ’
1247 4466 1354 4532 ἐδέετο
1381 4457 1423 4526 C.
