3044 5264
389 366 866 447 Antnnnvsusmnns
907 318 918 343 ’
1110 363 1161 438 ⁷5

84 573 219 645 tissima
247 570 339 645 baec
370 583 426 644 cst
456 573 494 642 in
526 573 679 672 eleganti
709 570 802 643 labro
827 570 872 642 de
897 567 1041 664 sublim.
1063 583 1161 648 urm.

86 674 161 766 lX,
189 669 229 745 5·
266 683 355 767 »εἴγε
377 675 544 748 Ἠσιόδου
568 686 622 748 καὶ
645 676 706 764 τὴν
726 675 874 747 Ἀσπίδα
891 683 1057 749 &triow
1083 675 1162 771 qui·

83 773 153 847 bus
173 773 293 847 verbis
317 776 421 846 etium
443 787 700 870 postremorum
725 776 945 846 saeculorum
965 776 1164 847 rumusculi

84 886 253 948 resonant
278 877 315 947 in
341 874 485 949 scholiis
510 873 554 946 ad
577 875 739 972 Dionysii
764 875 896 963 Thrac.
920 872 1081 946 Gramm.
1102 901 1120 946 a
1150 924 1161 947 .

85 977 277 1050 Villoison.
303 975 466 1047 Anecdtl.
495 975 562 1048 Gr.
590 1002 628 1072 p.
650 973 749 1066 174,
793 988 854 1048 aut
879 973 1004 1057 Bella
1017 1003 1068 1073 ³p.
1084 900 1147 1046 (ti)

84 1074 270 1177 magisque
314 1077 452 1149 confusi
492 1079 533 1147 in
573 1079 664 1148 alius
705 1077 914 1150 scholiastae
954 1072 1162 1177 panniculo,

86 1182 150 1278 qui
183 1205 229 1251 ex
260 1179 419 1274 principe
452 1177 534 1250 alti
571 1180 735 1275 exemplo
768 1182 939 1276 repetitus
972 1205 992 1250 u
1027 1177 1162 1269 multis,

85 1283 151 1351 uui
172 1303 313 1377 quoque
334 1291 533 1351 nostrorum
553 1278 713 1352 codicum
734 1279 911 1351 adhaeret.
964 1278 1165 1355 contusum

88 1380 184 1479 quud
222 1379 299 1452 dico
338 1389 374 1451 ct
406 1406 451 1452 cx
481 1380 581 1453 fonte
615 1379 759 1452 turbido
793 1379 931 1453 turbate
969 1366 1180 1454 derivatum‘

85 1481 248 1569 scholion
269 1479 337 1555 boc
362 1492 436 1553 est:
496 1491 561 1579 Τῆς
581 1483 745 1569 ’Aonides
769 1484 789 1574 ἡ
811 1486 891 1580 ἀρχὴ
915 1493 949 1558 ἓν
968 1491 1015 1586 τῷ
1036 1484 1069 1556 δ’
1094 1492 1165 1558 Κα·
1242 1554 1245 1575 ς,

84 1587 211 1681 τολόγῳ
245 1585 378 1680 meipsius
406 1592 500 1681 μέχρι
529 1596 646 1678 στίχων
672 1589 706 1659 ν’
735 1596 792 1660 καὶ
822 1586 871 1660 σ’.
910 1585 1095 1659 &animante
1129 1593 1166 1660 te

81 1686 336 1784 Ἀριστοφάνης,
372 1686 431 1776 οὐχ
461 1687 479 1757 ὁ
506 1688 660 1778 κωμικὸς,
695 1686 782 1758 ἀλλά
806 1717 855 1771 τις
882 1694 990 1782 ἕτερος
1011 1716 1167 1783 γραμμο-

85 1787 190 1872 τικὸς,
227 1787 271 1871 ὡς
297 1786 356 1859 οὐκ
382 1780 485 1859 οὖσαν
505 1787 609 1876 αὐτὴν
630 1787 809 1870 Ἡσιόδου,
839 1786 914 1859 ἀλλ’
943 1794 1053 1882 ἑτέρου
1077 1789 1166 1874 τινος

87 1890 147 1976 τὴν
175 1888 352 1980 Ὁμηρικὴν
382 1888 504 1962 ἀσπίδα
524 1887 743 1981 μιμήσασθαι
766 1888 1036 1988 προαιρουμένου.
1112 1886 1167 1958 Ex

87 1987 209 2083 primis
236 1985 291 2056 bis
321 1985 463 2075 verbis,
513 1989 544 2057 si
574 2013 615 2059 ca
641 1985 744 2058 nubis
769 1986 844 2059 sola
868 1998 1004 2059 servata
1031 1999 1163 2078 esseut,

87 2086 233 2183 probatu
258 2086 356 2158 Sam.
385 2089 490 2160 Petiti
516 2089 696 2179 acumine,
738 2087 783 2185 (ν’
816 2101 872 2162 καὶ
897 2088 955 2187 u')
986 2113 1071 2162 saue
1094 2086 1167 2161 col·

87 2185 270 2286 ligeudum
295 2200 419 2285 putes,
466 2191 579 2261 critici
604 2188 774 2261 iudicium
797 2190 842 2260 ad
867 2191 980 2284 ipsam
1006 2191 1166 2263 certami-

87 2291 144 2360 nis
168 2300 205 2362 et
227 2288 334 2386 clipei
359 2291 632 2389 descriptionem
657 2290 740 2363 intle
764 2317 784 2362 a
812 2317 848 2361 v.
859 2286 931 2380 57,
965 2317 1039 2363 non
1058 2289 1167 2389 simul

87 2390 131 2461 ad
185 2391 297 2463 riores
326 2417 450 2463 versus
476 2391 701 2463 referendum
733 2418 824 2464 essu.
895 2389 965 2466 sed
996 2394 1072 2465 istis
1104 2390 1166 2463 ab·

88 2416 206 2577 surtiis
221 2491 253 2591 ⁹)
298 2518 408 2590 quum
445 2492 567 2564 lumen
601 2494 764 2566 fenerent
799 2494 981 2591 superiora
1015 2493 1167 2567 aliorum

86 2572 304 2693 lutffgt'quis
325 2593 436 2666 semel
458 2596 612 2665 munitus
638 2593 742 2667 talem
776 2606 900 2666 testem
930 2593 1003 2666 illis
1029 2594 1167 2692 praele-

87 2704 144 2764 rnt
170 2692 263 2771 ctare
287 2693 523 2767 testantibus?
573 2695 655 2766 Duo
679 2706 797 2765 tamen
823 2693 889 2768 bae
906 2695 1086 2768 notatione
1105 2693 1168 2765 do·

43 2803 45 2806 ’
88 2820 233 2881 cemnr,
274 2821 384 2868 nuum
412 2794 508 2893 quod
532 2793 667 2894 ubsque
700 2821 739 2867 eu
772 2798 1010 2886 nesciremus,
1063 2796 1168 2866 Catu·

86 2895 171 2993 logo
200 2895 253 2967 illi
280 2908 317 2969 et
346 2906 471 2994 quarto
503 2895 646 2994 quidem
669 2896 852 2969 rvolumini
877 2899 973 2987 eins,
1011 2909 1084 2983 τοῖς
1112 2929 1170 2990 με·

88 3001 208 3091 peitate
233 2999 391 3085 Ἠοίαις,
438 3002 597 3069 nostrum
629 2997 697 3070 buc
729 3023 870 3069 carmen
902 2996 986 3070 olim
1022 3021 1169 3096 quoquo

88 3097 193 3171 modu
218 3124 418 3171 connexum
445 3098 576 3190 luisse,
618 3111 680 3171 aut
711 3101 763 3172 sic
792 3101 956 3196 primitus
980 3103 1167 3196 scriptum,

88 3211 130 3269 nt
157 3201 282 3272 maiori
315 3201 413 3296 operi
444 3203 730 3294 continuaretur,
774 3200 944 3292 alterum,
983 3199 1080 3299 qnod
1104 3200 1170 3271 uli-

89 3298 185 3372 unde
216 3302 343 3374 eoniici
378 3299 525 3392 licebat,
571 3301 697 3373 allatae
736 3304 931 3399 sentcntiae
963 3303 1171 3399 primarium

88 3411 275 3475 auctorem
293 3401 404 3472 luisse
429 3400 701 3499 Aristophanem
727 3402 936 3501 Byzantium
961 3405 989 3473 i.
1019 3428 1053 3476 e.
1081 3427 1169 3475 euu-

90 3501 190 3595 dem,
228 3505 292 3600 qui
319 3500 473 3595 Quintil.
503 3506 538 3593 l,
567 3500 614 3594 l,
642 3500 693 3574 lb
724 3515 814 3577 teste
840 3506 943 3575 etiam
978 3503 1085 3575 alium
1107 3529 1168 3574 ve-

90 3613 199 3677 terem
225 3603 357 3679 librum
386 3606 584 3694 Ὑποθῆκῶν
601 3603 756 3677 'Hesiodi
785 3629 862 3677 esse
892 3606 1030 3701 primus
1061 3628 1169 3700 nega-

89 3705 154 3774 vit.
219 3703 300 3797 Quo
327 3731 373 3776 ex
401 3701 479 3777 loco
506 3705 658 3777 rhetoris
690 3706 828 3796 Latini,
869 3716 910 3776 ut
939 3704 1044 3776 modu
1077 3702 1167 3792 (lixi,

90 3807 217 3876 coniiei
256 3804 405 3893 licebat,
460 3805 606 3878 canalem
649 3809 764 3880 critici
801 3832 983 3878 censuram
1020 3803 1170 3878 Hesiodi

90 3907 332 3982 auctoritatem
362 3906 441 3980 aliis
470 3933 613 4013 quoque
637 3906 853 3985 carminibus
882 3907 1096 4006 detraxisse,
1121 3907 1170 3999 in

155 4232 185 4292 9)
202 4230 402 4287 Peremditnm
437 4228 568 4286 scholion
599 4230 728 4302 appellat
751 4229 901 4285 Ruhnken.
930 4228 965 4283 sd
992 4225 1169 4284 Hermoniac-

89 4300 174 4368 meg.
192 4302 235 4357 2⁵.
290 4300 384 4367 Vere,
406 4312 438 4354 ut
455 4301 563 4354 nostris
583 4300 757 4371 temporibus
775 4312 839 4371 post
858 4306 959 4354 tautam
977 4297 1170 4351 eruditiorum

89 4384 185 4427 retum
202 4369 346 4426 iacturam.
400 4373 492 4436 Atque
514 4370 626 4423 omnino
645 4371 740 4424 eudem
761 4369 899 4424 interdum
917 4368 1030 4423 erudita
1052 4377 1117 4422 suot
1140 4374 1169 4418 ct

87 4438 228 4505 abrorum
256 4456 307 4497 nce
325 4436 430 4496 Latius
450 4439 503 4496 buc
520 4439 684 4494 vocabalum
700 4438 730 4494 in
749 4437 882 4495 convicio
900 4435 1022 4510 ponitur.

1134 973 1165 1049 ς
1243 994 1247 1002 ,
