3044 5264
229 398 312 475 sso
419 356 420 360 ‘
505 403 785 482 uraaauas
816 405 1040 482 emarcus.

229 604 312 678 illae
338 604 508 682 differunt
537 631 558 677 a
582 603 702 679 Parcis
728 601 880 698 Clotho,
917 602 1066 676 Lachesi
1095 614 1130 674 et
1153 603 1318 700 Atropol

228 708 290 779 Au
328 709 393 779 lrae
429 708 630 805 principes,
670 733 735 779 seu
769 705 950 804 praesides
984 703 1179 776 illarum?‹
1243 705 1318 777 Sed

229 808 326 906 quod
351 808 462 879 additi
488 821 573 878 sunt
598 837 617 880 a
643 817 768 904 pocta,
805 807 843 879 id
879 806 1023 905 quidem
1060 832 1124 902 per
1155 831 1194 878 se
1221 805 1317 879 nihil

229 909 336 982 habet
361 910 596 983 incommodi:
635 909 752 981 locum
775 934 880 999 vero,
911 935 1016 1005 quem
1044 918 1185 997 tenent,
1213 933 1317 1003 pror·

229 1037 291 1082 sus
324 1012 500 1084 immerito
535 1010 623 1081 milri
655 1035 844 1107 occupasse
888 1010 1068 1082 videntur.
1141 1008 1318 1081 Similiter

229 1115 324 1186 enim
361 1112 423 1185 ubi
455 1113 595 1185 tandem
630 1125 732 1207 poeta
766 1112 896 1208 aliquis
930 1111 1046 1182 aliena
1081 1112 1234 1183 orationi
1260 1113 1317 1182 in·

227 1215 396 1288 miscuit?
446 1215 568 1310 Atque
607 1225 648 1285 ut
681 1225 777 1286 recte
809 1215 1035 1285 Hermannus
1070 1213 1229 1303 monuit,
1275 1239 1315 1309 p.

228 1311 325 1386 201.
364 1339 436 1387 vox
466 1324 572 1392 πᾶσαι
602 1317 650 1386 ita
678 1315 922 1411 praecedentia
947 1313 1100 1408 excipit,
1143 1325 1184 1384 ut
1208 1340 1317 1413 coga-

227 1441 310 1491 mur
345 1417 441 1513 ipsas
466 1418 593 1488 Parcas
620 1414 724 1488 uobis
749 1427 950 1514 pugnantes
981 1417 1075 1485 inter
1109 1440 1148 1485 se
1187 1426 1223 1486 et
1255 1416 1318 1485 de·

227 1518 441 1613 proeliantes
478 1521 656 1616 cogitare,
701 1518 797 1615 quod
833 1517 1006 1590 absonum
1043 1515 1203 1605 videtur,
1251 1518 1316 1588 sed

228 1629 283 1689 est
313 1645 334 1691 a
372 1619 532 1693 Diaeouo
567 1618 775 1690 admissum.
845 1620 1074 1691 »Concordes
1104 1615 1223 1689 stabili
1262 1618 1315 1688 sa·

226 1730 345 1791 torum
373 1722 520 1793 nrrmine
548 1723 700 1792 Parcas·
727 1722 797 1791 iam
823 1718 1010 1791 Heinrich.
1040 1744 1086 1791 ex
1103 1717 1208 1815 Virg.
1233 1719 1313 1790 Eel.

227 1822 298 1912 lv,
325 1818 379 1894 47
409 1821 541 1894 attulit.
601 1823 725 1919 ltaque
753 1847 820 1920 ego
846 1820 990 1919 quidem
1018 1820 1079 1890 diu
1104 1820 1316 1892 Hermanno

227 1922 471 2019 adstipulabar
497 1936 533 1996 et
563 1924 639 1995 viro
673 1923 727 1992 illi
765 1924 887 2013 docto,
934 1922 977 1992 de
1007 1948 1080 2020 (quo
1115 1921 1240 1993 lleinr.
1270 1950 1309 2020 p.

225 2019 329 2114 ⁴184,
358 2036 395 2095 et
423 2024 581 2096 hostros
607 2049 732 2095 versus
758 2022 987 2120 erqmlleudos
1010 2022 1189 2120 putabam.
1238 2024 1313 2096 Ne·

226 2149 297 2222 que
321 2126 415 2196 enim
441 2123 534 2221 apud
554 2127 747 2196 Homerum
769 2126 807 2195 in
834 2123 913 2196 loco
939 2124 1143 2214 simillimo,
1171 2121 1314 2194 555-

224 2221 330 2313 olid,
367 2227 573 2295 Parcarum
607 2237 661 2296 est
690 2226 990 2297 commemoratio.
1046 2226 1090 2297 Et
1122 2228 1179 2297 hic
1199 2226 1313 2298 <loeus

225 2351 266 2397 ea
292 2323 397 2396 uobis
423 2327 461 2409 iu
487 2328 691 2397 memoriam
717 2337 877 2416 revocat,
917 2352 1008 2424 quae
1040 2329 1079 2398 in
1101 2326 1314 2426 Theogouia

224 2451 280 2497 vs.
297 2422 376 2495 217
399 2452 500 2524 seqq.
529 2429 701 2525 leguntur
745 2438 841 2503 »Καὶ
858 2438 995 2524 Μοίρας
1015 2441 1072 2505 καὶ
1094 2437 1212 2527 Κῆρας
1231 2439 1312 2524 ἐγεί-

223 2559 306 2602 νατο
331 2537 561 2617 νηλεοποίνους
583 2540 680 2601 ete«
716 2529 908 2626 inquibus
935 2531 1061 2601 similis
1087 2542 1142 2602 est
1165 2530 1312 2604 dearum

224 2629 395 2700 similium
437 2632 661 2721 coniunctio,
710 2631 772 2702 sed
810 2645 951 2728 praeter
987 2658 1128 2704 omnem
1170 2632 1311 2706 dubita·

222 2728 357 2804 tionem
391 2743 537 2829 propter
570 2758 696 2804 versus
721 2729 821 2823 905,
850 2730 952 2823 atati,
1003 2760 1048 2805 ex
1082 2738 1311 2833 corruptione

223 2844 313 2904 orta.
368 2832 441 2905 Sed
469 2836 667 2906 accuratius
690 2833 757 2906 lrac
791 2838 998 2931 quaestione
1030 2839 1157 2907 iterum
1188 2840 1310 2933 pensi·

221 2943 314 3026 tata,
363 2932 434 3007 lruu
471 2934 609 3008 delatus
643 2963 722 3007 sum
759 2938 977 3027 sententiae,
1023 2949 1062 3007 ut
1087 2964 1211 3009 versus
1238 2942 1310 3011 alio

221 3032 301 3106 loco
336 3035 562 3108 collocandos
597 3039 816 3127 existimem,
861 3050 942 3133 post
973 3063 1026 3110 vs.
1047 3035 1140 3109 265.
1213 3040 1308 3112 Nam

222 3133 307 3207 licet
346 3137 537 3207 Parcarum
579 3163 618 3209 ea
656 3139 752 3234 apud
792 3149 930 3209 veteres
969 3141 1139 3212 severitas
1182 3140 1306 3232 luerit,

221 3261 313 3333 quae
339 3239 486 3309 omuino
516 3238 689 3335 impedire
721 3238 907 3331 videatur,
950 3242 1142 3338 quominus
1173 3241 1308 3314 deabus

221 3348 293 3408 tam
319 3336 423 3409 soeda
447 3339 640 3434 cupiditate
663 3340 873 3439 agentibus,
902 3341 1025 3440 quales
1041 3353 1149 3441 Κῆρες
1174 3343 1307 3415 descri-

219 3436 357 3509 buntur
382 3450 418 3511 et
450 3441 589 3535 ’Azata
615 3467 675 3512 eas
702 3444 986 3538 interponamus:
1017 3454 1133 3515 tamen
1160 3447 1191 3514 si
1218 3456 1306 3515 tam·

220 3565 334 3639 quam.
351 3543 518 3613 rectrices
543 3542 675 3614 luroris
701 3542 821 3615 bellici
842 3571 986 3641 pugnae
1012 3546 1209 3636 intersunt,
1248 3573 1305 3617 ea·

218 3667 300 3713 rum
324 3646 612 3715 commemoratio
638 3670 702 3740 per
721 3671 760 3715 se
787 3671 857 3716 non
884 3657 937 3718 est
962 3647 1095 3743 inepta.
1159 3648 1307 3718 Accedit

218 3752 299 3816 tota¹
317 3745 371 3815 rei
397 3744 556 3834 indoles,
598 3749 656 3817 cui
689 3757 811 3817 nostro
836 3758 961 3845 poetae
985 3749 1306 3821 accommodatissi-

215 3869 294 3916 mae
320 3846 375 3915 vis
400 3870 474 3917 non
499 3844 700 3919 adhibenda
726 3857 793 3918 est.

317 3942 409 4017 261.
463 3947 585 4044 πᾶσαι]
608 3963 727 4026 παῖσαι
747 3974 822 4046 mg.
851 3949 899 4019 Α.
938 3947 1024 4021 Ald.
1050 3948 1163 4022 lul.
1183 3948 1224 4022 2.
1253 3998 1304 4012 -

216 4045 328 4145 ἄμφ’]
355 4049 443 4145 ἀμφὶ
469 4049 638 4121 CGSV.
665 4092 717 4106 --
779 4058 841 4148 ἑνὶ]
880 4050 997 4121 Boiss.
1035 4061 1082 4127 tvl
1115 4052 1301 4142 mendose,

212 4144 380 4242 idemque
416 4149 579 4221 Wollius
610 4175 730 4221 errore
764 4150 891 4221 calami
927 4153 1131 4249 scripserat.
1199 4154 1304 4255 φωτὶ]

212 4271 321 4317 mauu
343 4252 534 4321 recentiori
555 4254 593 4320 in
616 4252 646 4320 B
669 4254 762 4323 inter
785 4277 908 4322 versus
935 4254 1108 4326 insertum
1134 4267 1201 4327 est.

313 4343 406 4418 262.
458 4356 575 4454 ο’ς]εἰς
602 4352 780 4438 Fidian,
812 4353 985 4426 omittunt
1010 4356 1169 4427 G0.·-·-
1221 4358 1302 4453 δρᾶ·

211 4458 286 4550 κον]
316 4452 419 4526 δάιον
445 4450 489 4522 C.
518 4496 568 4512 -
630 4454 775 4550 ὄμμασι]
805 4455 935 4548 ὄμματι
958 4459 1006 4528 Α.
1033 4498 1083 4514 ·-
1145 4459 1302 4552 θυμήνα·
