3044 5264
387 1403 581 1588 §aput
632 1404 898 1540 primum.

98 1647 185 1727 lle
219 1646 385 1732 libris
428 1667 594 1732 manu
634 1657 858 1755 scrupus
907 1659 965 1741 et
1007 1663 1191 1760 edittu'

98 1776 294 1876 uiribus
327 1779 386 1861 ln
418 1781 745 1864 adornando
778 1787 1051 1885 apparatu
1082 1791 1191 1873 crt-

262 1935 264 1939 .
308 1998 310 2003 ‚
413 1907 526 1990 tice
558 1912 645 1993 usi
674 1929 873 1999 sumus·

566 2098 728 2109 «ιο-...ὴ

582 2308 619 2409 g.
656 2304 695 2380 r.

277 2468 280 2473 ’
397 2493 611 2558 (tudinum
641 2494 894 2570 descriptio.

98 2659 310 2761 Librorum
337 2686 471 2779 MSS„
517 2714 670 2786 quorum
694 2690 889 2786 scripturae
915 2688 1190 2786 discrepantiam
1229 2778 1235 2783 ι

88 2791 343 2880 enutrivimus,
372 2791 458 2860 satis
485 2815 614 2887 magna
641 2795 768 2888 copia
796 2804 870 2883 est,
908 2793 1190 2888 praestantia
1224 2869 1231 2889 .
1296 2844 1299 2861 .

98 2917 184 2963 vero
201 2903 236 2964 ct
253 2918 300 2962 ve
311 2903 454 2962 tustas
470 2917 543 2962 non
557 2917 698 2990 magna.
729 2895 842 2964 Cuius
854 2892 1052 2964 sententiae
1065 2903 1190 2962 testem

99 3020 314 3094 quamquam
331 3020 453 3065 corum
473 2991 688 3065 desiderabit
706 3020 825 3085 nemo,
849 2997 911 3093 qui
932 3019 1022 3092 quae
1042 2992 1189 3064 collecta

99 3095 203 3184 dedi,
248 3122 457 3192 percurrere
502 3121 575 3166 nen
609 3094 870 3193 dedignantur,
918 3093 1034 3166 habeo
1070 3104 1189 3166 tamen

73 3208 278 3295 ‚auctorem
305 3195 623 3292 locupletissimum
652 3197 790 3269 Frider.
811 3198 889 3269 Jac.
908 3196 1089 3285 Bestiam,
1126 3195 1190 3294 qui

98 3300 137 3368 in
163 3296 311 3393 epistola
338 3297 387 3368 ad'
411 3298 659 3371 Heinrichium
682 3298 761 3369 data
788 3300 1019 3370 Parisinus
1049 3295 1189 3369 codices
1241 3358 1245 3366 .

99 3397 297 3470 Hesiodeos
330 3425 453 3470 omncs
478 3398 620 3471 sacculo
647 3399 739 3472 ΧΙΙΙ
777 3411 812 3471 et
837 3398 1071 3497 sequentibus
1103 3397 1190 3468 scri·

98 3512 178 3597 ptos
205 3526 282 3571 esse
309 3526 375 3572 nec
402 3498 473 3570 ulla
499 3501 628 3572 offerre
654 3499 854 3572 studiorum
875 3496 1188 3597 palaeographico·

96 3629 178 3672 rum
204 3601 406 3672 adiumenta
443 3600 676 3703 iudicavitl).
740 3602 839 3675 idem
872 3614 926 3673 est
961 3600 1004 3671 de
1038 3598 1189 3696 reliquis

98 3702 200 3773 libris
225 3701 311 3774 alibi
339 3704 526 3775 asservatis
561 3703 749 3776 dicendum
760 3731 779 3798 5,
815 3716 921 3800 atquc
955 3727 1078 3772 eorum
1109 3700 1189 3797 qui·

98 3803 199 3896 dem,
245 3807 310 3904 qui
344 3804 492 3877 Scutum
528 3807 733 3895 continent,
782 3806 902 3874 nullus
928 3801 1070 3874 saeculo
1095 3798 1188 3871 xlv

98 3906 280 4003 antiquior
309 3917 383 3993 est,
420 3903 584 3978 nonnulli
609 3906 698 3977 adeo
726 3903 772 3976 ad
802 3902 982 3976 sacculum
1008 3901 1099 3972 XVI
1127 3900 1188 3972 de·

97 4008 289 4081 scendunt.
341 4006 446 4080 Unde
477 4007 711 4100 factumest,
755 4017 796 4078 ut
823 4031 928 4102 saepe
961 4011 1188 4076 cunctaretur

166 4305 194 4367 l)
222 4304 290 4357 »Da
308 4303 353 4357 die
379 4301 494 4356 meiaten
515 4299 733 4366 tlaudscdriftca
755 4300 805 4352 dea
823 4299 932 4352 Hesiod
953 4316 1005 4352 aue
1027 4300 1087 4352 dem
1110 4299 1188 4352 lssten

98 4374 153 4426 und
169 4375 311 4442 tolqenden
328 4371 547 4428 Jatrtunderren
565 4372 643 4435 aiud,
671 4387 702 4422 sc
726 4370 813 4422 dieten
837 4369 879 4421 aie
904 4371 951 4434 fair
969 4365 1188 4436 Patueuerapda'e

97 4444 183 4510 weaiy
206 4445 405 4497 interessentes
428 4442 495 4506 dar,
527 4441 583 4493 und
606 4441 652 4492 die
676 4441 785 4492 blosseu
809 4436 1017 4510 Schriftprudm
1039 4437 1104 4492 aiud
1125 4436 1187 4490 tiu·

98 4511 258 4579 reddenda
285 4529 324 4567 ex
341 4511 429 4583 epist.
447 4510 557 4573 Bastib
574 4507 700 4566 Parisiis
717 4523 742 4563 a.
753 4507 830 4564 rete.

849 4599 914 4678 19*
