3044 5264
224 367 303 442 sta
431 449 435 464 ,
510 370 830 448 exeueeeeu
854 371 1015 446 noua

225 580 321 680 qnod
348 604 488 653 versum
511 576 567 652 60
602 581 641 649 in
673 575 754 650 cod.
780 574 894 650 Trici.
922 603 943 648 a
975 575 1171 650 recentiore
1203 602 1320 649 manu

190 726 194 740 ·
224 683 385 755 additum
407 682 560 777 recepit3
585 678 684 750 illud
708 703 793 750 vero
811 677 1084 776 improbandum
1111 690 1184 770 est,
1213 679 1321 776 qnod

223 808 366 856 versum
394 785 546 880 pessimo
572 781 709 852 illatum
732 776 832 872 299,
871 782 934 878 qui
959 779 1055 876 apud
1072 779 1184 851 Triel.
1215 793 1320 855 recte

224 912 297 958 uon
322 885 521 983 legebatur,
549 882 685 954 infelici
710 879 897 978 diligentia
918 882 1088 971 inscruit,
1117 881 1185 953 cl'r.
1204 907 1316 978 supr.

223 992 265 1084 p.
290 982 385 1064 246.
457 988 643 1056 Praeterea
675 983 829 1080 singulis
859 985 898 1053 in
924 981 1071 1055 vocibus
1101 984 1318 1078 saepissime

125 1157 132 1167 .
223 1091 403 1186 peccavit,
443 1084 581 1157 mendis
618 1083 883 1183 typographicis
908 1110 980 1155 uon
1006 1086 1093 1155 sutis
1119 1084 1320 1182 diligenter

223 1192 377 1277 evitatiS,
406 1187 502 1285 qued
520 1185 792 1259 condonandum
810 1197 896 1282 puto
911 1187 989 1259 rire
1001 1184 1141 1263 :librum
1161 1211 1319 1283 magnac

220 1289 327 1362 urolis
358 1290 492 1361 Graece
512 1291 557 1360 iis
581 1286 801 1383 temporibus
821 1286 960 1378 edenti,
990 1286 1121 1384 quibus
1150 1286 1318 1362 Graecae

222 1393 368 1490 linguae
394 1392 551 1487 cognitio
578 1387 736 1462 nondum
762 1387 825 1460 diu
849 1387 976 1459 llorere
998 1399 1176 1484 coeperat.

323 1494 406 1563 Duo
432 1493 542 1589 igitur
568 1488 804 1585 exemplaria,
842 1487 927 1560 Aldi
951 1490 1105 1562 Manutii
1130 1499 1164 1562 et
1183 1489 1315 1564 Victo·

220 1595 272 1667 ris
296 1592 514 1666 Trincevelli
539 1591 724 1688 diligentia
747 1591 913 1663 venetiis
946 1589 1039 1663 edita
1071 1601 1108 1664 et
1141 1616 1187 1664 ex
1218 1591 1314 1687 ipsis

220 1694 403 1769 codicibus
439 1719 550 1791 paene
584 1695 746 1764 accurate
781 1717 946 1790 expressa
971 1690 1041 1765 boe
1073 1718 1118 1766 ex
1148 1702 1312 1788 tempore

221 1799 259 1868 in
285 1795 449 1868 manibus
481 1798 639 1867 virorum
672 1793 855 1865 doctorum
890 1806 1011 1886 erant,
1058 1796 1123 1891 qui
1147 1791 1311 1866 Hesiodo

220 1899 377 1971 criticam
409 1923 527 1969 euram
559 1894 764 1992 impendero
789 1893 936 1966 vellent.
1002 1894 1104 1988 Quae
1137 1895 1169 1966 si
1201 1919 1310 1966 accu-

219 2012 295 2072 rate
322 2024 468 2071 excussa
495 2010 530 2070 et
560 2000 656 2070 iuter
686 2022 724 2068 se
756 2007 994 2094 eomparata‚·
1013 1995 1143 2068 deinde
1174 2020 1261 2069 vero
1285 2021 1309 2068 a

220 2102 308 2171 viris
335 2098 491 2171 Graecae
517 2099 662 2195 liuguae
692 2099 816 2193 peritia
847 2110 943 2171 reete
968 2096 1014 2170 ab
1043 2096 1225 2170 erroribus
1252 2108 1310 2195 ty·

218 2199 557 2371 bilbili&
589 2195 786 2371 {lilim
807 2212 1032 2371 ett‘tl‘
1048 2197 1310 2373 fitted

740 2345 752 2391 a

218 2402 379 2473 recensio
410 2402 496 2472 eatis
532 2398 720 2471 laudabilis
746 2401 845 2472 nasci
869 2403 1057 2497 potuisset.
1120 2400 1193 2474 Sed
1217 2401 1310 2473 Aldi

217 2527 350 2574 nomen
373 2504 421 2575 ita
448 2500 663 2598 praevaluit,
697 2511 738 2573 ut
762 2500 808 2573 ad
833 2513 989 2574 nostram
1015 2529 1129 2601 usque
1154 2513 1308 2577 nentem

217 2628 369 2676 omnes
415 2603 611 2675 editores
653 2602 786 2675 buius
835 2606 1077 2701 exemplari
1123 2605 1307 2701 potissi·

216 2730 327 2777 rnum
361 2701 742 2802 obsequerentur,
791 2727 870 2777 nec
910 2707 995 2776 nisi
1040 2703 1219 2802 singula
1260 2717 1307 2780 ct

215 2808 314 2878 sine
356 2816 572 2904 perpetua
612 2831 716 2877 curu
766 2831 818 2879 ex
859 2805 1140 2878 Trincavelli
1182 2804 1305 2880 libro

216 2906 546 2981 emendarent..
576 2906 684 2979 lnitio
710 2906 853 3003 quidem
878 2908 981 2979 multi
1007 2907 1094 2980 adeo
1121 2905 1213 2978 nibil
1232 2909 1305 2979 nisi

215 3009 386 3079 Aldinum
422 3006 603 3104 exemplar
635 3008 674 3077 in
706 3008 829 3105 paucis
866 3033 910 3080 ex
945 3010 1092 3104 ingenio
1126 3019 1302 3082 mutatum

214 3106 435 3202 repetebant.
498 3110 552 3179 Ex
588 3107 689 3180 brevi
724 3110 946 3180 enarratione
983 3108 1028 3181 de
1060 3110 1170 3182 unius
1200 3111 1304 3183 Senti

215 3207 432 3280 editionibus
457 3207 526 3280 boe
547 3234 671 3280 verum
696 3235 776 3283 esse
800 3208 997 3307 apparebit.
1159 3254 1161 3259 ,

314 3305 461 3379 »154st
501 3309 597 3380 lunt.
618 3307 666 3380 2.
700 3309 797 3382 Flor.
834 3336 872 3408 p.
907 3311 1045 3384 Bened.
1072 3315 1233 3386 lunctam
1262 3314 1304 3385 in

212 3404 340 3482 lisine
373 3408 533 3482 scholiis.
596 3412 735 3483 'l'extus
771 3414 815 3483 in
852 3413 1085 3486 nonnullis
1121 3425 1300 3508 mutatur3

94 3523 96 3527 ’
212 3512 359 3584 omnino
385 3522 480 3584 totus
505 3509 597 3583 liber
623 3538 872 3609 nonsprorsns
896 3539 941 3585 ex
966 3513 1047 3586 aliis
1075 3517 1302 3613 exscriptus·

211 3610 335 3685 Woll.
397 3611 603 3709 Scripturae
636 3613 909 3710 discrepantiam
941 3626 1104 3689 accurate
1140 3618 1299 3706 enotavi,

209 3716 436 3814 cognovique
465 3713 617 3785 fundum
650 3738 728 3806 esse
753 3714 923 3787 Aldinum
948 3715 1006 3788 vel
1031 3718 1151 3814 potius
1183 3719 1301 3790 lunti-

94 3844 96 3849 ’
127 3831 129 3834 ⁴
210 3841 297 3888 uum
322 3818 503 3911 exemplar
527 3817 650 3911 prius,
685 3815 795 3913 idque
821 3816 991 3893 editorem
1019 3840 1066 3890 eu
1090 3818 1300 3893 'l'rincarel

209 3916 283 3987 lino
310 3914 431 3987 multis
457 3918 494 3986 in
518 3916 621 4004 locis,
649 3919 687 3987 in
711 3918 893 3989 nonnullis
918 3944 1003 3990 vero
1019 3919 1125 3991 etiam
1148 3946 1192 3992 ex
1212 3919 1296 3992 eod.

208 4016 261 4086 Μ.
290 4019 547 4089 immutavisse.
601 4020 762 4094 Accessit
788 4021 887 4115 copia
913 4019 1137 4095 mendorum.
1193 4020 1298 4114 Quae

209 4115 353 4212 quidem
374 4121 493 4191 omnia
511 4120 580 4190 iarn
607 4121 801 4216 exprimis
828 4107 990 4192 verbibus
1012 4133 1295 4221 cognoscuntur.

208 4216 398 4312 luscriptio
420 4221 514 4301 enim
533 4231 587 4292 est
611 4220 695 4292 libri
711 4219 834 4298 elaliui
857 4219 1041 4322 (πόνημα);
1069 4222 1297 4320 eundemque

206 4315 342 4389 sontem
362 4320 519 4415 produnt
536 4349 572 4391 v.
595 4319 873 4420 ὅῆλεκτρὺωνος,
901 4323 1133 4424 (ἡλεκτρυῶνος
1150 4323 1297 4420 Trinc.)

207 4413 289 4492 mli
324 4428 419 4516 ἕρτζε,
456 4421 576 4522 (ἔριζεν
607 4423 757 4528 Trium)
811 4421 894 4497 Η
929 4433 1004 4520 τῆς,
1027 4435 1094 4514 ,καὶ
1123 4437 1297 4503 commate
