3044 5264
551 441 741 508 ΣΧΟΛΗ.
846 484 849 489 -
1141 426 1193 502 56
1303 436 1308 450 “

106 644 210 740 εόρείν
231 672 292 737 μοι
312 651 420 736 ταγείς
443 639 581 726 ἰ’ππους
612 648 718 734 μέλλω
746 638 810 732 γὰρ
836 646 1032 736 συνδραμεῖν
1061 641 1116 713 διᾶ
1148 647 1195 712 δι’·

106 752 265 869 φροντιεῖ
291 751 352 831 τῆς
373 744 604 837 Ἱπποδαμείας
627 751 729 837 πατρὶ
753 741 907 839 Οἰνομάῳ
924 740 956 840 ¹)
990 749 1038 840 τῷ
1067 749 1201 834 βασιλεῖ

106 856 164 968 τῑγς
182 818 348 940 Ὀιγιαλίας
371 844 510 930 πόλεως
544 843 563 917 6
587 852 622 916 δὲ
607 842 811 972 ὲΠερσεός
813 853 926 918 θέλων
949 817 1196 941 θεραπεύεινῗ)

105 950 166 1021 τόν
187 955 340 1039 βασιλέα,
366 943 511 1019 ε’ίπιν
472 952 577 1043 αυτῷ·
605 950 646 1018 οὐ
666 947 772 1036 μόνον
794 944 915 1032 ἰ’ππους
937 975 992 1020 σοι
1010 946 1135 1046 εὑρήσω
1151 944 1197 1043 ³),

106 1048 192 1121 ἀλλὰ
216 1059 274 1123 καὶ
304 1050 364 1135 την
387 1056 445 1136 τῆς
469 1045 646 1134 Μεδούσης
669 1046 858 1146 κεφαλὴν,
871 1050 901 1120 εἰ
934 1056 1063 1134 θέλεις,
1097 1079 1196 1146 προς

106 1134 213 1236 όξω
198 1179 264 1225 σοι.
327 1157 436 1270 Qun
460 1142 521 1222 οόν
552 1149 571 1220 6
604 1149 759 1241 βασιλεὺς
784 1148 1043 1274 συνεννόζεσθαι
1066 1160 1105 1250 τῇ
1130 1159 1198 1223 Λα·

105 1252 170 1352 νάῃ
197 1252 312 1337 ἀδεεῖς,
346 1281 392 1347 τῳ
414 1262 475 1341 μὲν
497 1250 567 1348 λίιῷ
593 1249 697 1323 αὑτοῦ
728 1246 815 1325 εἶπεν
839 1251 944 1348 εὑρεῖν
975 1252 1114 1336 ἵππους
1149 1257 1198 1348 τιῖ

107 1361 143 1424 δὲ
138 1361 292 1475 Περσεῖ
309 1324 468 1425 ἀπελθεῖν
491 1363 548 1426 καὶ
571 1363 708 1442 κομίσαι
730 1351 793 1437 τὴν
816 1362 876 1441 τῆς
902 1361 937 1424 Ι
932 1382 1072 1449 οργονος
1096 1384 1198 1453 κεφα-

105 1453 177 1575 λιγν.
225 1453 262 1526 0
290 1459 371 1545 γοῦν
394 1453 541 1551 Περσεὺς
575 1453 794 1546 ἀπερχόμενος
818 1463 977 1547 κατέλαβε
1001 1456 1063 1543 τὴν
1087 1455 1201 1538 Δεινώ,

105 1558 168 1642 τὴν
190 1555 289 1627 Ἐνυὼ
314 1563 370 1627 καὶ
393 1557 455 1644 τὴν
477 1557 670 1652 Πεμφρηδώ
687 1555 734 1650 ⁴),
760 1556 822 1641 τὰς
837 1565 1053 1684 θυγατέρας
1063 1557 1198 1654 Φόρκου

104 1667 161 1729 καί
186 1661 335 1743 Κητοῦς,
366 1657 428 1740 τὰς
448 1669 569 1752 γραίας
594 1664 628 1728 έκ
649 1663 787 1748 γενετῆς,
814 1689 850 1729 αι
874 1655 961 1780 είγυυ
983 1665 1040 1729 ἕνα
1056 1665 1199 1782 ὀφθαλ-

105 1759 172 1849 μόν
195 1765 292 1830 καλ”
274 1787 332 1837 ενα
353 1757 493 1830 ὀδόντα
519 1762 641 1852 ἀπῆρεν
666 1753 725 1830 οόν
749 1758 871 1842 αὐτοὺς
888 1758 915 1830 6
937 1758 1137 1851 Περσεύς·
1121 1770 1198 1831 εκεί-

106 1890 171 1932 νων
195 1865 231 1932 δέ
255 1857 422 1947 ζητοόσων
446 1860 568 1944 αὐτοὺς
593 1855 831 1955 όΠερσεύς
801 1888 869 1931 ειπε
889 1875 1084 1952 παρασχεῖν,
1112 1867 1199 1956 εἴπερ

108 1965 266 2082 δείξουσιν
291 1959 380 2056 αὐτῷ
404 1989 477 2048 την
490 1959 639 2052 ἄγουσαν
661 1960 795 2033 όδὸυ’
764 1991 811 2045 εις
835 1961 896 2044 τὰς
920 1972 1007 2056 τρεῖς
1016 1961 1199 2089 Γοργόνας,

109 2063 171 2147 τὴν
200 2063 337 2149 Σθενι),
377 2091 439 2148 την
454 2060 641 2185 Εὐρυάληγ
672 2071 728 2135 καὶ
762 2064 824 2149 τὴν
849 2068 1044 2146 Μέδουσαν,
1091 2057 1136 2137 ὧν
1165 2070 1201 2133 αλ
1245 2069 1250 2082 ’

109 2172 170 2255 μὲν
152 2156 298 2237 νδόο
278 2190 366 2252 νσαν
389 2160 625 2246 ἀθόναται,’
605 2196 626 2251 η
654 2171 689 2234 δὲ
714 2157 919 2236 Μέδουσα
900 2192 944 2252 ην
966 2162 1089 2252 θνητή.
1116 2159 1202 2257 εἶχον

110 2272 146 2337 δὲ
171 2258 269 2342 αὗται
291 2265 438 2362 κεφαλὰς
461 2277 522 2356 μέν
546 2274 855 2398 περιεσπειραμένας
871 2262 902 2361 ⁵)
928 2271 1042 2362 φολίσι
1064 2264 1202 2364 δρακόν-

110 2397 190 2452 των,
225 2369 363 2450 ὀδόντας
386 2372 421 2438 δὲ
448 2367 607 2458 μεγάλους
629 2376 686 2440 καὶ
702 2375 826 2517 6χεῖρας
846 2375 972 2461 χαλκᾶς
1004 2378 1061 2441 καί
1086 2376 1203 2463 πτέρυ·

108 2501 172 2560 γας
198 2473 338 2565 χρυσᾶς,
370 2473 413 2539 δι’
441 2461 487 2541 τόν
511 2474 683 2541 ἐπέτοντο·
702 2465 735 2568 ⁶)
772 2469 850 2552 τοὺς
876 2467 1011 2553 ἰδόντας
1033 2476 1068 2542 δὲ
1099 2468 1203 2552 αὐτός

109 2577 230 2654 λίθους
261 2573 403 2642 ἐποίουν.
453 2574 634 2660 Λαβοῦσαι
665 2575 700 2642 δέ
734 2574 815 2664 παρ’
854 2575 945 2668 αὐτῷ
977 2581 1013 2643 αλ
1043 2576 1204 2696 Φορκίδες

110 2672 171 2743 τόν
200 2699 235 2742 τε
271 2669 460 2769 ὀφθαλμόν
491 2679 550 2742 και
587 2672 647 2742 τόν
683 2670 806 2744 ὀδόντα
848 2673 973 2756 ἔδειξαν
1019 2673 1110 2770 αὐτῷ
1144 2701 1207 2759 την

111 2771 193 2843 ὁδὸν
223 2781 278 2850 καὶ
310 2777 435 2844 ἔδωκαν
468 2776 583 2843 πέδιλα
614 2772 778 2868 πτερωτοὶ,
814 2782 870 2844 καὶ
905 2802 1030 2866 πηραν,
1075 2776 1206 2862 ὥνομα·

18 2912 27 2921 ·
112 2884 234 2965 σμένην
258 2880 393 2964 κίβισιν,
437 2872 483 2955 είς
506 2871 549 2960 ἢν
580 2880 688 2963 ἔμελλε
717 2880 831 2963 βαλεῖν
860 2873 923 2953 τὴν
952 2902 1012 2961 της
1036 2875 1205 2970 Γοργόνος

110 2975 288 3100 κεφαλὴν,
304 2973 420 3067 μήπως
447 2973 527 3045 ιδώυ
553 2972 659 3061 αὐτὴν
674 2972 910 3101 ἆπολιθωθῆ,
944 2986 1001 3047 καὶ
1033 3004 1205 3098 περικεφα-

109 3085 227 3160 λάιαν,
264 3072 338 3165 ἥτις
359 3078 460 3147 ἐποίει
490 3074 550 3147 τόν
578 3081 752 3170 φοροῦντα
778 3074 881 3163 αὐτὴν
905 3081 1036 3166 βλέπειν
1060 3087 1120 3169 μὲν
1086 3074 1207 3148 ἐόλ-

109 3185 203 3262 λονς,
250 3175 408 3249 αὖτόνδ
408 3177 499 3266 ὲμη
537 3182 724 3266 βλέπεσθαι
755 3176 847 3275 παρά
879 3207 987 3254 τινων.
1047 3178 1091 3251 ‘0
1124 3204 1207 3270 γονυ

109 3278 257 3374 Περσεὺς
289 3284 324 3351 έν
354 3286 393 3378 τῇ
429 3286 553 3377 κεφαλῇ
592 3278 699 3350 αὑτοῦ
735 3287 811 3364 θεὶς
844 3280 906 3366 τὴν
938 3285 1206 3379 περικεφαλαίαν,

109 3381 172 3467 τὴν
198 3388 233 3453 δὲ
257 3356 381 3473 κίβισιιί
403 3385 617 3475 φορέσαςέν
640 3389 712 3464 τοῖς
736 3381 855 3473 ὤμοις,
895 3384 996 3454 τὰδὲ
1021 3389 1139 3454 πέδιλα
1164 3380 1207 3451 τὰ

111 3482 261 3577 πτερωτὰ
286 3487 433 3603 φορέσας
458 3488 493 3553 έν
522 3511 592 3564 τοις
616 3487 712 3565 ποσί,
744 3483 836 3576 παρὰ
859 3488 894 3554 δὲ
919 3490 980 3556 τοῦ
1001 3483 1123 3581 Ἑρμοῦ
1148 3491 1207 3554 λα·

110 3583 181 3671 βων
205 3580 391 3679 δριπάνηυ,
413 3591 469 3655 καὶ
493 3581 640 3708 πετάσας
662 3591 784 3674 ταχέως
808 3613 886 3673 ηκευ
910 3585 956 3670 εἰς
983 3586 1043 3658 τόν
1063 3583 1206 3656 ὠκέανον

111 3693 168 3756 καὶ
203 3691 361 3776 κατελαβε
389 3685 451 3768 τὰς
476 3686 647 3781 Γοργόνας
676 3693 892 3779 κοιμωμένας.
937 3688 1207 3769 κατευθυνούσης

115 3860 394 3917 ”mr

181 3969 209 4031 l)
227 3966 291 4020 cod.
313 3965 445 4036 Οίνωμοίμ.

181 4062 210 4128 2)
228 4061 291 4116 cod.
311 4067 505 4133 θεραπεῦσδοιι.

179 4157 210 4218 δ)
228 4153 330 4211 cod.6
309 4176 330 4207 ει
332 4153 382 4228 ίροι.

181 4251 209 4317 ⁴)
230 4252 294 4307 cod
318 4254 433 4325 Μενςην
435 4252 483 4313 δό,
518 4255 570 4311 csr.
597 4256 691 4314 Stura.
719 4255 881 4328 Pherecyd.
910 4258 999 4333 96⁰
1045 4257 1141 4328 Ηοηιι.
1168 4257 1203 4311 ιδ
1321 4286 1326 4295 ·

110 4321 249 4391 Apollod.
273 4340 302 4392 p.
320 4326 379 4376 137

179 4419 208 4483 5)
227 4418 289 4471 cod.
309 4436 357 4489 περ
359 4435 482 4490 ιισποροι.
482 4423 548 4479 ι’νας.

178 4518 206 4583 6)
226 4515 290 4571 cod.
307 4516 437 4569 ἐτέταντο.
