3044 5264
410 433 631 511 ῙΜΙΤΑΤΙΟ
664 431 873 510 ΗΕὸΙΟΒΙ.
1106 424 1185 503 557

100 649 263 712 teruntur
288 641 417 711 etalio
443 639 567 737 eligit,
606 666 699 739 quae
722 665 796 711 rem
823 638 1028 738 significant
1048 640 1181 735 miuus,

99 767 205 839 quam
226 739 451 831 describunt,
478 743 547 813 cfr.
568 741 702 815 Goettl.
722 741 835 838 praet.
863 767 898 836 p.
909 741 996 812 XV.
1049 742 1183 815 Eodem

97 842 199 912 traho
225 841 374 913 Noctem
392 868 483 939 ‚nou
513 857 582 914 'suo
614 868 754 938 semper
779 844 944 933 nomine,
988 842 1052 914 sed
1078 846 1183 915 etiam

98 943 263 1040 εὐφρόνην
292 942 523 1040 appellatam,
572 943 668 1040 Opp.
697 938 789 1013 562.
868 945 943 1021 lam
980 943 1108 1016 similia
1144 948 1182 1018 in

98 1043 209 1115 Scuto
235 1043 321 1114 milri
356 1071 433 1116 esse
459 1043 649 1134 videntur,
690 1041 771 1114 288
796 1069 872 1142 seq.

478 1149 546 1239 οἵγε
570 1159 630 1240 μὲν
654 1147 747 1239 ἤμων
889 1162 893 1166 ’

235 1251 388 1350 αἰχμῇς
421 1247 576 1351 ὀξείῃσι
612 1250 879 1346 κορυνιόεντα
911 1257 1066 1337 πέτηλα

99 1348 161 1420 uti
188 1374 261 1420 nou
292 1352 412 1436 ὀξείαις
440 1354 649 1445 δρεπάναιοι,
691 1345 789 1444 quod
814 1348 951 1444 Spitzn.
980 1352 1058 1420 siue
1081 1348 1213 1433 libi-is⁸

98 1452 254 1540 invexit,
282 1452 350 1520 cir.
370 1450 545 1522 Observa.
565 1451 601 1519 in
623 1449 752 1541 Quint.
768 1446 913 1547 Smyrn.
941 1477 977 1547 p.
988 1447 1085 1543 101,
1121 1449 1186 1522 sed

98 1557 216 1654 αἰχμῇς
250 1557 371 1652 ὀξείῃσι
400 1560 543 1648 praeter
575 1575 716 1621 omnem
752 1549 1043 1622 consuetudinem
1077 1551 1183 1641 dixit,

98 1656 255 1751 itemque
279 1678 350 1723 nou
375 1651 541 1745 καλόμας,
594 1652 634 1721 ut
660 1652 765 1722 Hom.
796 1651 840 1723 ll.
860 1651 969 1745 xlx,
983 1648 1084 1744 222,
1122 1650 1187 1726 sed

98 1765 221 1843 πέτηλα
244 1754 442 1849 usurparit.

198 1855 299 1925 Haec
329 1854 447 1925 omnia
480 1854 828 1928 similitudinem
860 1851 1039 1951 produnt,
1095 1878 1186 1950 quae

99 1958 213 2054 possit
249 1954 445 2026 Hesiodum
482 1954 591 2027 huius
634 1958 803 2029 carminis
845 1965 1024 2026 auctorem
1066 1965 1185 2025 osten·
1274 1964 1288 1974 “

101 2058 185 2129 dere
211 2054 344 2128 videri:
400 2055 464 2127 sed
499 2067 641 2129 exstant
673 2060 800 2147 otiam,
846 2082 938 2154 quae
963 2080 1035 2154 quo
1067 2056 1187 2127 minus

99 2156 190 2228 illud
216 2183 397 2229 sumamus
422 2157 641 2253 impediunt,
686 2157 963 2231 imitationis
993 2157 1096 2255 signa
1130 2179 1186 2227 sa·

100 2261 147 2330 tis
185 2270 318 2355 aperta.
398 2258 480 2332 Duo
516 2261 611 2330 euim
647 2285 794 2349 versus,
832 2252 883 2328 75
905 2282 1008 2354 seq,
1054 2254 1187 2354 quibus

101 2363 195 2432 vires
221 2359 389 2432 Herculis
416 2370 451 2431 et
478 2358 566 2433 lolai
591 2359 790 2454 praedicat,
836 2362 988 2454 sumpsit
1019 2382 1064 2429 ex
1086 2356 1184 2453 Opp.

100 2458 182 2533 117
207 2485 308 2557 seq.;
355 2485 507 2557 quorum
537 2458 648 2531 altero
674 2462 778 2531 etiam
803 2456 1034 2554 Theogoniae
1064 2471 1188 2530 auctor

100 2586 187 2632 usus
214 2572 268 2630 est
292 2556 389 2648 152,
428 2569 465 2630 et
483 2555 575 2628 675.
629 2562 815 2630 Praeterea
839 2555 932 2627 idem
959 2559 1188 2654 cognoscitur

102 2689 147 2740 ox
172 2661 260 2739 mire
288 2661 470 2733 interiecta
497 2662 668 2757 temporis
701 2659 906 2749 notatione,
956 2682 1027 2755 quo
1058 2655 1188 2731 heroes

102 2761 285 2858 congressi
320 2762 416 2852 siut,
457 2757 537 2831 595
559 2787 685 2860 seqq,
743 2785 849 2858 quam
883 2760 1012 2856 partim
1043 2783 1089 2830 ex
1110 2756 1187 2830 Ho·

102 2889 223 2954 mero,
260 2873 301 2932 ut
320 2860 431 2954 solet,
467 2863 595 2960 partim
621 2888 665 2935 ex
681 2859 839 2935 Hesiodo
861 2860 1051 2960 expressit.
1114 2864 1187 2957 Ap·

102 2990 232 3064 pouam
257 2989 408 3036 versus:

431 3077 690 3158 τεττίγεσσιν
713 3063 870 3149 ἐοικότες,
905 3063 972 3137 οἵτε
996 3063 1082 3137 καθ’
1108 3061 1189 3151 {tear

228 3175 404 3264 δενδρέῳ
430 3168 674 3265 ἐφεζόμενοι
697 3167 779 3241 ὅπα
803 3164 1066 3258 λειριόεσσαν
1091 3174 1182 3237 ἱεῖσι-

104 3270 154 3342 ait
174 3270 282 3339 Hom.
308 3262 530 3357 11.111,151
551 3291 630 3363 seq.·
683 3264 856 3337 Similiter
876 3264 972 3360 Opp.
986 3260 1068 3334 580
1082 3289 1184 3362 seqq.

208 3365 342 3463 Ἦμος
367 3375 402 3441 δὲ
425 3367 587 3459 σκόλυμός
610 3367 643 3440 τ’
671 3366 773 3440 ἄνθεϊ
790 3377 845 3441 καὶ
866 3372 993 3459 ἠχέτα
1016 3371 1121 3450 τέττιξ

218 3478 390 3566 δενδρέῳ
415 3472 650 3568 ἐφεζόμενος
668 3467 841 3564 λιγυρόν
856 3466 1028 3559 κατεγεὺετ’
1045 3466 1190 3542 dandis

215 3574 336 3645 πυκνὸν
359 3571 425 3644 ὑπὸ
458 3573 639 3663 πτερύγων,
678 3577 798 3662 θέρεος
819 3568 1029 3656 καματώδεος
1054 3566 1133 3666 ὥρῃ.

104 3674 237 3746 Noster
262 3673 374 3770 igitur
397 3695 463 3766 pro
489 3678 624 3769 δενδρέῳ
650 3671 857 3768 ἐφεζόμενος,
904 3693 975 3765 quo
1000 3665 1055 3741 illi
1081 3677 1189 3737 utuu·

106 3788 185 3864 tur,
239 3774 302 3871 όζῳ
334 3781 419 3870 έφεζ.
452 3772 614 3868 scripsit,
667 3771 883 3842 accuratiore
917 3793 1004 3840 usus
1046 3765 1190 3838 dicendi

107 3898 261 3974 genere,
306 3883 341 3944 et
365 3873 492 3945 similis
527 3869 589 3942 alii
620 3870 807 3960 imitatori,
849 3867 1003 3960 Alcaeo,
1048 3867 1096 3942 fr.
1120 3862 1188 3960 51,

106 3971 241 4074 p.275
260 3971 399 4063 Schn.‚
437 3998 496 4069 ap.
524 3969 721 4044 Ahrentem
756 3996 792 4068 p.
818 3965 914 4041 216.

219 4077 292 4168 ἄγει
307 4080 340 4147 δ’
369 4084 403 4150 έκ
428 4075 610 4148 πετάλων
624 4073 740 4157 Ροὶδεα
753 4077 872 4158 τέττιξ,
893 4074 1059 4169 πτερύγων
1073 4075 1105 4141 δ’
1122 4067 1191 4145 iim

220 4184 345 4269 κακγέει
371 4176 506 4275 λιγὺραν
528 4228 676 4249 .....
713 4174 833 4248 ἆοίδαν
858 4226 868 4245 .
893 4226 902 4245 .
930 4227 939 4244 .
965 4227 974 4246 .

109 4280 177 4350 ο1τ.
195 4275 376 4372 Aristoph.
392 4280 480 4346 Ανν.
492 4271 546 4345 59
571 4283 647 4352 »ἐπὶ
663 4285 728 4349 τῶν
743 4280 871 4368 κραδῶν
894 4274 1023 4370 ᾅδουσι.
1039 4304 1051 4335 ι
1084 4271 1190 4341 Prae·

109 4390 204 4450 terea
221 4405 266 4450 ox
276 4376 435 4449 Hesiodo
453 4375 673 4474 deprmnpsit
687 4383 811 4469 ἠχέτα
825 4377 978 4459 τέττιξ,
1007 4381 1072 4467 χέει
1087 4373 1193 4461 αὐδὴν

109 4477 167 4551 vel
202 4480 334 4569 ἀοιδὴν,
365 4480 488 4585 >batn
518 4478 604 4579 χρόα
631 4487 760 4576 Σείριος
790 4477 875 4563 όὶζιι,
914 4484 951 4546 et
984 4471 1192 4573 diligentins
