3044 5264
210 396 298 487 2111
614 397 888 479 PRAEFATIO.

310 607 412 702 Quae
458 616 593 683 textum
637 606 904 706 subsequuntur
950 609 1117 703 scholis,
1166 636 1298 687 eom

209 761 292 835 pers
317 737 492 833 posterior
515 760 552 833 p.
570 729 620 805 dl
639 758 741 834 seqq.
772 734 903 809 Wolfii
927 740 1076 814 consilio
1101 766 1148 813 ex
1172 741 1297 816 liech-

137 944 140 951 ,
209 863 277 936 leri
304 872 474 961 apparatu
496 885 593 934 nuuc
617 863 770 958 primum
795 861 932 955 editur,
970 892 1185 968 quamquem
1209 890 1298 969 pre.

209 990 251 1062 tii
276 999 361 1062 sunt
382 989 543 1087 prolecto
568 988 709 1087 exigui3
754 989 852 1087 prior
875 1014 961 1062 vero
983 989 1298 1073 Godllermsuui

215 1129 253 1193 st
280 1117 453 1193 Friderioi
477 1114 680 1190 'l'ltiersclrii
715 1088 889 1191 beneficio
916 1116 1024 1217 longe
1055 1147 1162 1220 quam
1187 1112 1314 1203 onteu'

212 1248 405 1321 correctior
424 1243 606 1344 vulgetur,
633 1269 699 1317 nee
721 1255 838 1341 potest
859 1245 899 1316 in
919 1255 1020 1316 textu
1043 1250 1298 1328 constituendo

211 1372 361 1473 negligi.
413 1368 554 1444 Deinde
570 1380 652 1467 post
674 1368 996 1443 animadversiones
1008 1370 1154 1465 Wolfii,
1183 1402 1297 1475 quam

210 1526 320 1574 uuam
346 1498 681 1599 praestantissimam
713 1522 791 1571 esse
810 1494 917 1569 huius
944 1496 1135 1583 voluminis
1153 1516 1294 1599 portem
1335 1586 1338 1590 Δ

207 1651 336 1727 perse
360 1636 476 1725 patet,
509 1626 811 1723 interpretationis
838 1623 970 1698 latinae
994 1627 1202 1724 particulam
1228 1658 1292 1707 ex·

208 1753 314 1828 laibui
337 1781 376 1853 p.
389 1748 470 1825 107
484 1778 585 1852 seq.,
626 1751 767 1854 qualem
780 1751 943 1827 Wollius
967 1751 1144 1853 reingere
1169 1778 1290 1832 susee-

209 1895 323 1984 perot.
399 1881 524 1956 Plures
554 1908 680 1958 versus
718 1885 756 1956 in
792 1884 943 1957 latinum
978 1907 1177 1958 sermonem
1214 1912 1290 1960 non

208 2014 411 2103 transtulit,
455 2034 521 2110 ego
543 2021 638 2083 certe
663 2037 736 2085 non
760 2011 893 2084 inveni.

309 2140 366 2212 De
389 2141 478 2212 meis
500 2163 546 2212 ue
573 2135 722 2212 verbum
751 2138 895 2238 quidem
925 2140 1158 2238 praefandum
1184 2143 1289 2216 duco.

212 2270 257 2344 ln
281 2272 409 2368 optetis
434 2281 551 2343 autem
576 2268 751 2367 imprimis
776 2281 850 2360 est,
885 2269 1206 2369 utLennepius,
1240 2271 1290 2342 V.

84 2442 90 2467 .
215 2395 292 2489 CL,
318 2406 524 2494 apparatum
545 2393 591 2469 ed
612 2393 807 2468 Hesiodum
829 2419 967 2468 summo
993 2395 1112 2470 studio
1134 2394 1294 2495 undique
1317 2416 1320 2421 ’

215 2538 390 2597 terrarum
414 2523 653 2623 conquisitum
684 2548 733 2595 ne
756 2520 890 2595 diutius
924 2521 1021 2622 upud
1055 2549 1095 2597 se
1128 2525 1292 2617 retineat,

169 2663 176 2679 ‘
215 2649 279 2724 sed
315 2650 513 2749 exquisitae
551 2661 587 2722 et
623 2649 828 2749 diligentiae
859 2660 895 2722 et
924 2650 1105 2725 doetrinae
1138 2651 1294 2725 fructum

213 2775 372 2851 eruditos
406 2778 590 2877 percipere
620 2777 725 2849 sinet.
815 2774 923 2883 Quod
958 2775 1022 2850 ubi
1056 2781 1126 2851 iam
1160 2779 1293 2853 factum

211 2904 361 2995 fuisset,
406 2900 572 2976 lubenter
606 2901 884 3000 supersedissem
908 2900 1030 2975 lubere
1062 2915 1099 2975 et
1122 2901 1294 2978 diuturno

213 3045 250 3107 et
274 3031 449 3124 molesto,
490 3056 596 3130 quem
622 3032 661 3101 in
683 3040 853 3127 apparatu
873 3027 1075 3128 colligendo
1097 3033 1265 3105 sustinui.

316 3157 424 3254 Quod
447 3183 560 3229 unum
583 3157 694 3256 igitur
714 3167 898 3256 superest,
936 3159 1067 3255 gratias
1091 3183 1160 3258 ego
1186 3187 1292 3258 quam

211 3314 360 3389 possum
386 3288 558 3381 maximas
588 3285 685 3358 Viris
710 3286 878 3393 eximiis,
921 3286 985 3382 qui
1008 3283 1179 3360 benevole
1203 3289 1293 3362 milri

210 3416 281 3492 hoe
322 3413 534 3517 opuseulum
567 3410 763 3486 elaboranti
805 3409 938 3483 auxilio
979 3436 1045 3483 suo
1083 3411 1289 3507 adsuerunt,

212 3571 364 3648 quorum
401 3545 545 3616 nomina
585 3565 650 3613 suo
693 3564 854 3638 quaeque
892 3539 970 3611 loeo
1005 3545 1288 3615 commemoravi.

312 3671 518 3749 Scribebom
546 3668 798 3766 Gottingae
830 3664 996 3741 lielendis
1028 3666 1292 3744 Novembribus

419 3794 767 3876 Mocccxxxtx.
