3044 5264
355 377 434 467 150
548 441 551 447 .
622 383 899 461 APPARATUS
933 383 1159 458 CRITICUS.

417 589 421 597 ’
452 584 516 660 73.
567 598 693 689 κείνων]
723 593 814 662 κείνω
839 587 889 676 C,
919 583 1014 654 nude
1038 582 1162 656 Herm.
1191 584 1430 680 ()pusce.V1‚

350 718 389 790 p.
404 687 496 762 494.
528 703 619 790 κείνῳ
645 687 810 787 vulgatae
828 689 1022 784 scripturae
1046 684 1216 781 praefert,
1245 688 1431 788 quoniam,

351 794 486 882 nteit,
523 817 580 869 res¹
604 795 680 888 ipen
712 800 748 862 et
778 814 833 860 vs.
858 785 907 857 77
943 786 1155 883 ostendunt,
1205 786 1250 859 de
1275 787 1433 859 Hercule

299 965 303 975 ,
352 892 428 966 snio
453 893 552 990 loqui
576 901 714 988 poetam
749 889 917 962 voluisse.
982 889 1074 960 blibi
1110 914 1168 960 res
1193 887 1432 961 dubievide·

314 1011 319 1017 “
350 1006 423 1066 tur.
498 993 599 1064 Libri
624 994 719 1066 enim
744 990 841 1063 illius
866 1016 938 1062 unu
970 999 1065 1062 tenta
1098 1002 1153 1061 est
1176 992 1366 1061 auctoritas
1396 1001 1434 1062 et

349 1095 478 1200 fidesjl
502 1120 619 1191 neque
644 1119 741 1165 nexu
770 1092 1037 1165 sententiarum.
1050 1093 1231 1187 cogimur,
1281 1102 1321 1161 ut
1345 1095 1432 1163 seri·

350 1208 489 1294 pturam
526 1194 704 1300 vulgatam
747 1195 987 1269 immutemus.
1069 1192 1222 1265 ilereul‘e
1268 1218 1354 1264 vero
1396 1205 1433 1264 et

236 1369 240 1377 ,
351 1297 448 1368 Iolao
492 1306 785 1384 commemorato,
843 1292 994 1365 debebat
1029 1294 1222 1391 utrumque
1262 1292 1429 1386 laudum

350 1409 478 1495 utque,
516 1398 547 1467 si
570 1404 660 1495 κείνῳ
683 1398 853 1493 seriptum
880 1407 992 1485 esset,
1030 1393 1239 1466 nubendum
1267 1393 1358 1464 iliud
1386 1396 1431 1466 ud

350 1499 501 1568 Martem
525 1496 723 1588 videretur,
762 1507 804 1568 ut
829 1498 937 1595 ἐκείνῳ
961 1491 1015 1567 ns.
1041 1491 1117 1589 723
1166 1503 1237 1567 nou
1254 1495 1311 1566 :ad
1341 1497 1430 1566 Her·

350 1597 487 1689 eulem5
525 1596 678 1698 denique
712 1598 744 1668 si
777 1594 947 1670 trau'situs
973 1596 1140 1693 displicet
1170 1624 1225 1667 vs.
1247 1594 1323 1687 77,
1372 1623 1430 1673 eo·

349 1701 534 1797 gnoseitur
554 1697 638 1771 inde
663 1707 786 1795 poetae
807 1698 1009 1797 ingenium,
1045 1700 1107 1795 qui
1134 1697 1200 1770 bue
1226 1700 1361 1789 ratique
1385 1699 1431 1770 ad

349 1800 584 1872 narrationem
611 1802 648 1870 iu
674 1826 728 1871 vs.
750 1795 803 1869 58
833 1811 990 1896 coeptam
1016 1799 1132 1871 redire
1162 1799 1288 1882 voluit.

363 1922 368 1933 ·
449 1898 512 1971 76.
564 1901 614 1973 Hi
638 1926 784 1987 versus,
819 1902 973 1997 primum
1006 1900 1044 1969 in
1072 1899 1253 1995 Operibus
1278 1910 1314 1973 et
1342 1901 1427 1971 Die·

347 2002 416 2074 bus
446 2004 576 2099 reperti
602 1997 701 2087 148,
729 1997 830 2092 449,
875 1999 1004 2073 deinde
1040 2027 1060 2071 u
1091 2000 1320 2100 Theogoniue
1345 2028 1429 2073 euu-

348 2102 461 2175 diture
487 2103 650 2202 repetiti,
678 2099 777 2191 152,
815 2127 862 2174 ue·
879 2101 993 2173 forma
1026 2103 1172 2174 insolitu
1198 2100 1430 2201 Hesioduque

304 2221 315 2242 ⁰
347 2202 415 2274 soli
449 2205 614 2299 propria,
662 2204 840 2304 ἐπέφυκον,
886 2204 1068 2300 insigues,
1108 2204 1284 2275 immerito
1319 2216 1356 2275 et
1392 2206 1428 2273 in

346 2302 555 2400 Tbeugouiu
587 2330 609 2374 e
643 2302 797 2394 (iniero,
842 2304 911 2376 eir.
937 2302 1119 2375 Muetzell.
1159 2305 1184 2375 l.
1213 2303 1241 2374 l.
1277 2330 1316 2402 p.
1344 2301 1429 2375 100

224 2464 227 2469 .
346 2414 382 2474 et
406 2414 527 2475 nostru
558 2407 598 2476 in
630 2404 710 2478 loen
744 2429 764 2474 a
793 2405 998 2501 Koeppenio
1028 2415 1245 2477 resecantur.
1325 2406 1429 2476 Talia

343 2503 502 2601 produnt
525 2506 679 2578 auctoris
703 2515 813 2578 artem
848 2515 885 2580 et
908 2503 1096 2578 consilium
1109 2535 1121 2599 3
1170 2507 1237 2577 eir.
1267 2531 1304 2575 ν.
1323 2503 1425 2576 400.

345 2606 509 2677 Ceterum
544 2612 743 2708 στιβαροῖσι
767 2604 814 2677 G.
878 2615 1044 2699 μέλεσσιν·
1059 2607 1087 2678 C
1101 2667 1104 2672 ,
1119 2617 1156 2678 et
1187 2607 1312 2677 Triuc.
1372 2617 1429 2699 ui·

342 2716 412 2780 λεσι
437 2708 466 2776 F
476 2707 507 2777 1.
559 2722 697 2803 μέιιέσσι
720 2705 778 2778 S..
813 2706 1074 2801 μιλὲισσινΕΙ.
1107 2705 1292 2779 exhibent.
1357 2709 1427 2779 Ha·

341 2804 468 2880 bemus
502 2809 615 2906 igitur
638 2808 788 2905 vestigia
814 2808 1010 2905 scripturae
1045 2809 1100 2882 ἐπὶ
1130 2817 1303 2908 στιβαροῖς
1334 2817 1426 2903 μελέ-

341 2938 430 2984 εσσιν
453 2919 494 2979 ut
519 2909 617 3007 Opp.
643 2917 680 2982 et
708 2908 756 2978 D.
784 2905 877 2981 149.
966 2986 968 2991 ,

358 3080 368 3099 ‚
441 3005 504 3079 77.
557 3012 596 3098 ὅς
619 3007 682 3108 ῥσι]
732 3011 776 3080 lu
799 3007 924 3083 euelisi
951 3033 1024 3079 non
1048 3005 1264 3080 admittenda
1289 3006 1427 3080 librarii

340 3107 488 3179 eandem
513 3112 686 3182 rationem
719 3108 788 3182 boe
818 3106 857 3182 iu
882 3109 1207 3207 loeneequuntur,
1249 3108 1427 3209 quemad

339 3232 393 3278 vs.
412 3204 469 3276 44
494 3209 662 3281 vidimus.

440 3303 503 3380 79.
556 3305 651 3408 ἦτι]
675 3311 751 3400 ἤτοι
776 3309 876 3403 GV,
918 3310 981 3384 sed
1014 3307 1070 3403 ἦτι
1101 3308 1148 3383 G.
1177 3312 1217 3381 iu
1241 3334 1317 3441 ινφ.
1369 3317 1426 3400 brt

338 3408 414 3480 lm.
454 3419 506 3484 H.
520 3418 553 3484 τί
578 3411 634 3483 lu.
652 3408 693 3482 9.
730 3422 767 3483 et
790 3415 843 3484 M.
878 3415 923 3484 si,
944 3425 1040 3486 recte
1066 3412 1243 3504 Dorvill.3
1277 3424 1356 3500 net
1379 3411 1420 3482 S.

337 3508 440 3582 Diae.
474 3511 611 3599 ἄληθῶς
635 3513 779 3610 ἥμαρτεν
803 3517 849 3601 εἰς
873 3516 1022 3600 erote&
1057 3513 1167 3608 πατήρ
1195 3542 1262 3606 μου
1293 3514 1424 3613 Ἀμφι·

336 3613 465 3711 τρὺωνι
500 3611 529 3683 f.
562 3615 690 3699 »ὅντως
711 3617 858 3702 eleveris
880 3622 1095 3711 μακαρισμοῦ
1118 3612 1227 3701 ἀξίους
1250 3613 1356 3698 θεούς
1389 3644 1424 3686 τι

335 3714 483 3812 ἥμαρτεν
514 3715 533 3789 ὁ
566 3714 808 3813 Ἀμφιτρύωνι
843 3714 906 3789 sed
938 3714 1072 3786 scholia
1104 3725 1223 3784 veteru
1261 3722 1320 3788 »vt
1352 3709 1422 3798 otiu,

335 3825 454 3910 φησὶν,
486 3813 634 3911 ἥμαρτεν
658 3818 703 3902 εἰς
727 3817 807 3901 τούς
832 3819 936 3902 θεοὺς
960 3816 980 3888 ὁ
1009 3815 1242 3916 Ἀμφιτρύων,
1277 3815 1334 3889 ὅτε
1358 3846 1424 3913 φν-

334 3916 396 4004 μσὶς
421 3913 455 3986 ἓν
484 3924 678 4009 Τίρωνθσςι
705 3927 791 3987 cett.
858 3915 959 3988 Libri
989 3914 1098 4006 editi,
1150 3916 1233 4012 quia
1269 3912 1357 3986 Atd.
1385 3924 1423 3988 et

335 4012 458 4083 Triuc.
487 4017 733 4106 consentiunt,
770 4013 881 4086 lu.2.
910 4028 1079 4115 excepta,
1123 4012 1294 4105 omnes&
1323 4026 1367 4090 τἰ.

431 4116 535 4214 μέγ’]
574 4116 647 4209 μετ’
688 4126 802 4187 exstat
837 4117 875 4187 iu
910 4116 1012 4188 libris
1049 4117 1192 4212 seriptis
1228 4128 1264 4187 et
1299 4115 1417 4206 editis,

334 4221 511 4311 quotquot
534 4218 725 4311 compar-eti
748 4228 850 4307 suut,
888 4214 995 4288 1ω.’2
1022 4229 1059 4290 et
1083 4217 1137 4289 Μ.
1163 4219 1344 4313 exceptis,
1374 4216 1420 4314 (si

185 4399 189 4407 Ι
333 4324 427 4385 reete
452 4313 646 4412 Dorvill.,)
679 4315 741 4387 ubi
764 4320 885 4390 neseio
910 4329 982 4417 qun
1005 4317 1109 4390 modo
1134 4325 1219 4411 μεθ’
1247 4320 1419 4415 seriptum

333 4414 521 4512 reperitur.
576 4413 673 4487 Idem
694 4415 905 4492 seboliastue
926 4420 1147 4517 interpretati
1174 4429 1271 4490 suut.
1329 4416 1419 4511 Vui··
