3044 5264
199 395 301 484 ,568
432 491 436 500 ‚
546 397 705 475 anuas
739 337 991 472 camnis..

221 614 307 687 bare
341 610 471 684 solent.
543 609 664 704 Quare
689 609 720 680 si
746 607 828 706 quis
852 616 950 681 reete
974 601 1020 676 de
1045 602 1218 677 carminis
1246 600 1320 676 ali·

221 719 325 789 cuius
351 725 463 784 aetate
490 711 645 783 iudicare
672 711 846 799 voluerit,
899 710 933 780 ei
959 708 1075 804 primo
1100 707 1182 777 loco
1207 728 1317 778 aceu-

221 819 333 889 ratius
355 817 393 886 in
421 809 841 910 fabulosiuquirendum
860 820 936 900 est,
970 832 1059 906 quas
1082 818 1187 904 poeta
1206 833 1314 880 euar-

221 919 327 990 ravit.
382 916 459 987 Hae
487 917 581 988 euim
608 915 639 984 si
664 915 712 984 ita
744 923 966 1009 comparatae
997 918 1103 1000 suut,
1151 919 1194 980 ut
1216 912 1313 980 auti-

222 1021 383 1119 quiorem
411 1016 559 1089 deceant
587 1026 723 1103 vatem,
767 1018 892 1110 magna
914 1011 991 1105 illis
1016 1010 1159 1082 videtur
1183 1036 1316 1083 caussa

222 1131 342 1216 erepta
374 1144 478 1210 esse,
531 1118 594 1216 qui
629 1114 674 1187 ad
707 1126 857 1186 aetatem
895 1114 1128 1188 recentiorem
1163 1138 1315 1185 carmen

221 1219 449 1295 reserandum
488 1245 566 1291 esse
600 1215 833 1289 arbitrantur.
910 1217 960 1287 At
991 1215 1061 1285 nisi
1098 1239 1155 1286 me
1189 1215 1315 1285 omnia

222 1322 373 1413 fallunt,
427 1344 661 1418 quaeeunque
688 1317 731 1390 de
755 1314 1016 1413 Amphitruone
1040 1326 1076 1388 et
1089 1313 1310 1404 Alcumena,

222 1424 267 1497 de
294 1420 449 1494 Hercule
471 1433 508 1494 et
534 1420 653 1512 lolao,
700 1418 744 1491 de
769 1418 951 1515 Cpouo'et
973 1418 1106 1516 Ceyce,
1153 1415 1199 1488 de
1225 1415 1312 1488 reli-

206 1527 304 1624 ‚quis
341 1522 506 1594 omuibus
542 1522 611 1594 diis
654 1518 930 1617 hominibusque
973 1519 1066 1591 dieta
1100 1528 1207 1605 sunt,
1269 1542 1312 1589 ea

223 1627 342 1699 omnia
368 1650 449 1697 eum
468 1623 600 1695 sabulis
625 1624 862 1723 recentiorum
885 1633 1068 1719 poetarum
1092 1630 1310 1716 comparata,

108 1769 112 1777 ·
172 1806 176 1814 ¹
222 1753 395 1798 summam
430 1725 594 1797 redolent
618 1720 888 1822 antiquitatem,
938 1721 984 1798 ab
1014 1721 1160 1794 Homeri
1194 1730 1311 1792 aetate

223 1855 297 1901 uon
324 1829 430 1899 nimis
463 1826 570 1924 louge
596 1838 780 1897 remotam.
844 1822 1061 1922 Singulatim
1083 1820 1175 1894 illud
1202 1846 1314 1921 quam

222 1929 430 2002 brevissime
457 1926 536 1998 lieri
561 1929 711 2024 poterit,
759 1924 1000 1998 demonstrare
1025 1922 1205 1996 volumus.

324 2035 376 2102 Ae
401 2032 554 2126 primum
581 2027 746 2127 quidem,
794 2029 825 2099 sl
861 2026 949 2124 quid
983 2025 1108 2117 video,
1158 2034 1232 2097 tota
1265 2022 1314 2095 de

224 2131 431 2205 Herculis
480 2141 606 2226 partu
656 2131 811 2201 narratio
859 2137 1005 2224 propter
1046 2124 1313 2223 simplicitatem

224 2259 324 2303 suam
350 2234 395 2300 ab
420 2229 678 2302 recentioribus
709 2232 823 2325 poetis
849 2231 1006 2299 animum
1029 2227 1191 2301 retrahit.
1256 2228 1312 2298 Ea

225 2334 319 2404 enim
342 2342 414 2402 tam
440 2332 591 2426 simplex
617 2342 691 2421 est,
745 2339 787 2400 ut
822 2355 894 2428 quo
920 2328 1025 2402 modo
1054 2342 1132 2401 orta
1157 2329 1207 2400 sit
1234 2338 1311 2400 tota

225 2430 370 2524 fabula,
418 2457 463 2505 ex
497 2429 594 2504 nulla
626 2433 828 2504 narratione
855 2430 980 2502 melius
1016 2429 1170 2529 intelligi
1202 2455 1310 2526 posse

224 2533 399 2610 videatur.
453 2533 649 2605 Alcumena
675 2534 769 2605 enim
796 2559 906 2631 quum
932 2541 1004 2604 u'no
1039 2542 1144 2630 partu
1169 2530 1241 2603 duo
1265 2529 1309 2600 li·

223 2635 292 2708 lios
322 2635 511 2724 edidisset,
564 2637 626 2733 qui
653 2646 773 2730 postea
799 2660 875 2705 sese
902 2635 999 2706 omui
1029 2635 1169 2705 ratione
1189 2631 1311 2729 dispa-

223 2763 281 2809 res
307 2735 551 2834 praestabant,
605 2733 754 2806 alterum
792 2736 917 2825 talem,
971 2733 1087 2834 qualis
1122 2733 1184 2804 alii
1217 2759 1311 2830 quo·

225 2865 295 2937 que
319 2837 483 2909 homiues
506 2863 583 2909 esse
609 2836 744 2927 solent,
773 2835 938 2908 ⁴alterum
966 2836 1113 2933 reliquis
1139 2833 1311 2906 omnibus

223 2939 331 3039 longe
354 2941 663 3036 praestantiorem:
711 2937 796 3009 hinc
822 2937 984 3009 homines
1010 2936 1083 3027 illi,
1128 2937 1191 3033 qui
1219 2937 1310 3006 mira

225 3053 262 3114 et
287 3067 412 3138 magua
439 3042 555 3111 omnia
582 3040 625 3112 ad
654 3039 739 3112 deos
771 3041 903 3111 referre
929 3047 1207 3127 consueverant,
1262 3037 1309 3108 de

225 3141 359 3239 duplici
391 3143 609 3213 Alcumenae
642 3139 832 3214 concubitu
867 3165 946 3210 eum
976 3141 1060 3212 love
1092 3150 1129 3211 et
1152 3136 1309 3234 Amphi·

223 3254 351 3315 truone
385 3241 507 3314 eadem
542 3255 643 3315 nocte
674 3243 765 3314 sacto
801 3241 905 3312 facile
935 3244 1091 3338 cogitare
1125 3250 1305 3338 poteraut.

170 3346 174 3351 ’
225 3345 329 3416 Certe
345 3343 467 3415 ludere
485 3347 531 3416 ita
556 3343 622 3415 hac
644 3346 681 3414 in
705 3369 743 3415 re
768 3341 959 3441 aliquando
981 3342 1097 3414 liceat.
1150 3342 1198 3411 At
1221 3365 1308 3411 eoo·

224 3445 343 3518 silium
361 3440 451 3516 illud
463 3445 572 3535 lovis,
598 3444 666 3515 diis
685 3443 960 3541 hominibusque
979 3446 1225 3541 sospitatorem
1244 3441 1304 3512 de·

225 3549 475 3645 leusoremque
502 3545 695 3645 giguendi,
730 3572 809 3617 cum
824 3544 990 3617 Herculis
1016 3542 1150 3632 l'abula,
1188 3541 1306 3641 qualis

224 3648 270 3721 ab
307 3650 410 3718 initio
448 3648 560 3718 luisse
594 3645 747 3744 putanda
783 3659 856 3735 est,
908 3646 1088 3742 praeclare
1122 3645 1304 3733 convenit,

223 3748 473 3823 eir..Lobeclr.
500 3747 675 3847 Aglaoph.
705 3774 742 3844 p.
758 3742 873 3817 1172.
929 3746 1048 3844 Vogel
1079 3745 1122 3818 de
1148 3742 1306 3817 Hercule

224 3854 262 3923 in
285 3850 414 3921 Erseh.
443 3861 478 3921 et
504 3847 659 3921 Gruber.
682 3847 875 3946 Eucyclop.
906 3848 1053 3920 llalensi
1079 3875 1110 3919 s.
1135 3874 1172 3918 v.
1227 3845 1306 3918 Nec

224 3952 396 4024 absonum
424 3963 498 4042 est,
545 3949 610 4021 sed
638 3953 863 4048 antiquorum
893 3950 1037 4048 ingenio
1063 3949 1303 4045 aptissimum,

224 4053 321 4150 quod
333 4052 494 4149 luppiter
513 4078 723 4150 quamquam
746 4077 874 4149 magno
894 4050 961 4123 hoc
979 4050 1128 4123 consilio
1144 4048 1304 4141 ducitur,

224 4165 342 4224 tamen
372 4156 479 4224 simul
504 4180 557 4224 vs.
576 4149 623 4224 51
653 4152 855 4249 cupiditatis
881 4151 1011 4248 plenus
1034 4152 1146 4223 luisse
1172 4150 1303 4239 fertur,

226 4253 375 4352 (ἱμείρων
399 4257 576 4354 φιλότητος
600 4257 748 4344 ἐϋζώνοιο
772 4253 960 4354 γυναικός).
1040 4253 1083 4323 ln
1114 4252 1172 4323 bis
1207 4254 1307 4323 euim

224 4365 348 4453 poetae
383 4356 616 4427 inconstantia
650 4376 739 4454 quae
773 4356 885 4428 videri
919 4354 1052 4452 possit,
1108 4351 1207 4425 nulla
1235 4364 1306 4424 est.

226 4456 410 4529 Praeterea
435 4481 521 4532 vero
547 4456 639 4533 nihil
659 4456 721 4532 ille
746 4455 789 4531 de
810 4454 1164 4556 noctislougitudiuc
1185 4452 1310 4530 aleva
