3044 5264
207 464 291 544 520
498 464 819 553 exanimum
843 466 1005 550 EDITA.
1148 537 1151 540 ,

208 677 405 776 danturque
430 674 645 773 disputavit,
690 688 726 751 et
758 686 830 750 tarn
867 677 978 750 multa
1011 677 1102 750 soitu
1132 689 1305 752 neeessa-

208 785 262 855 riu
287 779 426 870 attulit,
470 791 511 853 ut
535 804 632 851 nune
661 777 804 851 demum
835 782 967 852 eortius
996 779 1152 879 intelligi
1185 780 1305 853 mults

209 895 246 955 et
269 894 406 955 veteres
432 906 569 952 errores
596 880 776 953 emendari
803 894 962 978 possent.
1038 882 1133 954 Huio
1155 885 1238 954 viro
1266 885 1301 954 si

207 984 339 1067 librum
358 1008 463 1054 suum
482 994 642 1078 repetere
665 983 840 1070 licuisset,
869 982 1020 1055 sortasse
1039 984 1111 1055 iam
1131 982 1184 1056 ob'
1200 986 1304 1055 omui

208 1098 308 1184 purte
343 1083 536 1183 perfectam
566 1082 778 1156 haberemus
808 1084 909 1157 Sonti
936 1083 1141 1157 editionem.
1212 1087 1304 1159 Post

209 1187 457 1262 Heinriubium
493 1184 727 1276 Gaisiordus,
768 1184 1022 1259 Bolssonadius
1056 1212 1076 1258 a
1112 1187 1304 1284 Leuuepiu

209 1291 340 1364 eximio
365 1286 532 1377 adiutus,
555 1288 601 1358 L.
633 1286 863 1379 Dindorlius,
888 1299 924 1360 et
949 1287 1193 1387 Goettlingius
1216 1315 1302 1360 aum

54 1390 56 1394 ’
208 1392 359 1490 reliquis
391 1387 579 1461 Hesiodeis
621 1387 838 1466 carminibus
867 1388 1017 1461 Sestum
1057 1389 1300 1488 evulgarunt:

210 1495 274 1591 qui
292 1490 428 1588 singuli
449 1516 514 1562 sua
535 1489 606 1562 sibi
630 1491 753 1563 merita
775 1502 1053 1585 contraxerunt,
1080 1510 1171 1564 nova
1199 1494 1299 1564 enirn

209 1593 373 1667 lectionis
390 1591 629 1665 restituendae
647 1591 849 1664 adiumenta
865 1605 1176 1691 exprompseruut,
1208 1616 1313 1663 non·l

117 1723 124 1749 r
210 1694 320 1767 nullis
346 1696 385 1765 iu
419 1694 507 1766 loeis
533 1706 666 1765 textum
703 1693 962 1786 emendarunt,
997 1706 1032 1766 et
1058 1693 1159 1766 utilis
1184 1692 1302 1765 multa

210 1823 256 1869 ex
285 1795 365 1868 aliis
398 1793 632 1893 scriptoribus
666 1794 711 1866 ad
738 1795 932 1873 Hesiodum
960 1794 1208 1892 explicandum
1234 1793 1302 1868 ad·

210 1897 391 1970 dideruut.
465 1895 715 1970 Nominandus
749 1896 838 1968 milri
873 1908 1055 1995 praeterea
1083 1899 1137 1969 lo.
1165 1893 1297 1968 Heinr.

209 2001 378 2090 Vossius,
404 2000 527 2098 quiin
550 1999 702 2095 patrium
721 2023 920 2071 sermonem
939 1997 1116 2071 Hesiodea
1143 2000 1302 2071 earmina

210 2101 267 2174 bis
301 2100 482 2173 transtulit
512 2111 549 2173 et
581 2097 761 2196 praeclare
786 2098 831 2171 de
861 2112 964 2197 poeta
991 2111 1112 2174 nostro
1149 2102 1298 2172 meruit.

211 2205 396 2275 Postremo
418 2201 496 2274 loeo
523 2226 595 2272 non
620 2201 899 2297 praetereundus
925 2214 980 2273 est
1005 2200 1097 2274 God.
1123 2203 1301 2274 Herman-

212 2427 296 2476 suru
328 2404 484 2500 scriptu,
521 2428 628 2501 quam
660 2404 746 2474 artis
778 2405 920 2476 criticae
952 2406 1045 2476 viam
1079 2406 1117 2475 in
1143 2405 1303 2502 Hymnis

213 2505 414 2578 Homericis
427 2506 638 2603 praeiverat,
652 2503 799 2577 eandem
812 2507 849 2576 in
861 2505 972 2578 Scuto
986 2504 1206 2578 emendando
1222 2532 1303 2604 per·

214 2617 409 2705 sequutus,
446 2605 613 2679 omnibus
646 2605 777 2679 laturis
809 2606 1005 2680 editoribus
1031 2608 1104 2679 dux
1128 2619 1166 2679 et
1198 2620 1303 2679 aute·

213 2710 387 2807 signanus
401 2710 547 2780 exstitit.
603 2708 658 2779 De
673 2707 741 2780 boc
754 2711 846 2801 viro,
862 2721 904 2781 ut
920 2708 1049 2782 Wollii
1067 2711 1173 2782 verba
1189 2707 1304 2780 huius

213 2809 425 2908 paragraphi
466 2820 501 2882 et
538 2809 645 2881 linem
679 2821 714 2882 et
753 2812 894 2884 initium
928 2823 1126 2901 exornent,
1171 2810 1303 2882 addam

213 2910 383 2984 iudiciuin
412 2910 809 2984 honorificentissimum
835 2916 874 2985 in
899 2912 1068 2985 schedula
1094 2911 1214 3011 aliqua
1246 2915 1304 2984 in-

214 3023 270 3085 ter
294 3012 463 3111 reliquias
486 3025 691 3111 repertnma
719 3015 971 3088 »Hermanuus
996 3013 1195 3087 eruditione
1222 3025 1298 3084 vet.

213 3125 250 3185 et
287 3117 449 3186 aonruine
486 3138 598 3213 aequo
637 3112 777 3212 pollens
817 3159 869 3172 —-
897 3116 937 3185 iu
972 3140 1045 3212 quo
1077 3126 1173 3190 reeta
1208 3116 1303 3186 ratio

214 3215 323 3287 Hom.
363 3214 566 3290 illustrandi
600 3218 722 3293 critica
760 3214 953 3318 aliquando
979 3218 1108 3290 mirum
1144 3228 1304 3290 tutorem

212 3313 372 3390 habebit.
388 3351 400 3384 ι
