3044 5264
226 405 306 484 558
540 413 761 490 ΙΜΙΤΑΤΙΟ
796 412 1005 491 HESIODI.

226 613 368 718 singula
393 617 642 716 pulcherrimis
671 618 832 717 proiecto
856 615 1040 707 versibus,
1077 636 1241 717 quornm
1270 648 1329 696 ar·

226 732 436 821 gumentum
470 723 575 793 ctiam
605 721 761 793 Hesiodo
795 719 1044 818 dignissimum
1078 731 1152 813 est,
1209 727 1330 797 etita

226 825 431 913 exornavit,
486 833 526 893 ut
545 848 632 894 'cum
659 848 778 893 rerum
817 833 942 892 natura
968 823 1127 920 apprime
1159 847 1328 923 congru·

225 935 325 1015 eret,
389 925 456 995 cfr.
492 924 602 994 Arist.
640 924 688 994 Η.
726 925 798 993 An.
830 924 887 1013 V,
926 919 1005 1014 50,
1065 925 1169 997 cuius
1209 927 1328 1000 verba

225 1026 469 1097 commentarii
513 1025 605 1112 loeo,
634 1023 789 1096 adscribi
832 1035 995 1120 possunt.
1086 1025 1188 1098 lnest
1233 1054 1327 1102 vero

226 1129 330 1199 etiam
384 1123 672 1216 versustom
734 1145 784 1198 ex
815 1126 946 1196 Eoeis
987 1125 1249 1224 descriptus
1286 1143 1327 1203 et

224 1229 399 1300 immerito
426 1254 445 1298 a
473 1228 657 1300 nonnullis
683 1229 816 1301 criticis
842 1227 880 1298 lr.
902 1225 928 1296 l.
959 1226 1096 1301 deletus
1122 1229 1190 1301 cfr.
1218 1230 1251 1302 Ι.
1266 1233 1321 1305 H.

224 1331 334 1401 Voss.
371 1329 526 1427 Mythol.
565 1331 679 1402 Briel.
710 1330 783 1421 IV,
825 1355 862 1425 p.
889 1324 952 1398 lli.
1032 1332 1221 1403 Postremo
1257 1333 1323 1405 arl-

224 1431 291 1502 diti
318 1444 405 1502 sunt
428 1450 552 1503 versus
577 1433 840 1531 quinquaginta
866 1450 948 1523 sex,
997 1456 1043 1503 ex
1068 1430 1195 1506 eodem
1222 1432 1321 1508 libro

222 1531 437 1631 deprompti.

325 1637 421 1708 Haec
456 1630 574 1707 omnia
608 1630 695 1708 licet
731 1632 885 1708 habeant
920 1635 992 1706 vim
1024 1659 1098 1707 non
1126 1639 1317 1736 exiguam,

223 1740 342 1809 tamen
378 1749 592 1835 superantur
626 1736 670 1809 ab
713 1738 795 1810 aliis
833 1739 1078 1835 argumentis,
1145 1764 1240 1836 quae
1278 1742 1317 1812 in

221 1862 370 1910 rerum
404 1839 637 1911 similitudine
670 1841 786 1936 posita
811 1849 908 1909 sunt.
985 1839 1065 1931 Qua
1100 1840 1139 1909 in
1174 1863 1216 1912 re
1250 1840 1317 1913 (lu-

222 1966 303 2012 cere
330 1967 396 2012 nos
422 1952 560 2038 potest,
608 1941 704 2039 quod
730 1938 944 2037 Apollonius
971 1941 1152 2013 monuisse
1178 1942 1314 2034 fertur,

223 2041 359 2112 lolaum
383 2043 494 2114 foisse
519 2042 688 2114 Herculis
710 2044 872 2114 comitem
898 2052 938 2112 ut
963 2043 1001 2111 in
1028 2041 1163 2134 Scuto,
1201 2045 1254 2116 ita
1276 2046 1314 2115 in

221 2142 393 2240 Gatalogo
428 2140 541 2242 (etin
567 2144 798 2241 Theogonia,
827 2139 905 2213 517
925 2168 1028 2240 seqq.

331 2245 635 2340 Ἀμφιτρυωνιάδης
656 2248 717 2318 σὺν
742 2246 904 2346 ἀρηϊφίλῳ
924 2247 1050 2343 Ἰολάῳ,

223 2394 226 2402 -
328 2341 526 2440 Ἡρακλέης,
564 2353 722 2448 βουλῇσιν
744 2353 927 2434 Ἀθηναίης
953 2343 1132 2442 ἆγελαίης.)

218 2437 294 2516 Sotl
312 2441 420 2516 latius
447 2444 537 2518 illud
554 2458 655 2544 patet
672 2445 956 2545 tralrcmlnmque
978 2447 1022 2517 ad
1042 2447 1181 2541 omnia,
1220 2468 1312 2546 quac

220 2536 265 2620 tle
298 2547 451 2620 Hercule
491 2560 715 2620 enarrantur.
802 2548 893 2619 Nam
930 2546 975 2619 uel
1007 2545 1156 2619 verbum
1196 2574 1313 2645 paene

218 2645 1310 2851 tntilli.5¹l’3llltffrll‘llt...littllltsslgt

218 2848 300 2921 954
330 2865 364 2923 et
398 2850 499 2923 Scut.
530 2849 606 2942 28,
665 2851 727 2922 ubi
765 2852 850 2923 deos
889 2852 1063 2924 Hercules
1107 2851 1308 2945 adiuvisse,

219 2944 360 3051 Theog.
375 2950 448 3023 951
476 2965 512 3026 et
538 2953 636 3025 Scut.
658 2952 713 3031 94
739 2949 900 3045 et127,
951 2956 1012 3025 ubi
1039 2952 1204 3025 luctuosa
1231 2981 1309 3027 cer·

217 3057 349 3125 tumina
386 3053 539 3128 subiisse
571 3055 711 3126 dieitur.
789 3059 907 3152 Atque
942 3065 983 3125 ut
1016 3054 1188 3126 Hercules
1228 3058 1309 3154 ipse

217 3154 262 3225 do
296 3179 404 3227 onere
437 3154 506 3226 sibi
549 3158 715 3254 imposito
759 3161 941 3254 queritur,
981 3153 1098 3226 78-
1120 3152 1198 3248 94,
1257 3161 1307 3229 ita

215 3256 254 3325 iu
281 3258 420 3354 magnis
437 3258 577 3329 Eoeisa
598 3269 709 3329 matre
734 3260 959 3353 πονηρότατος
985 3257 1182 3355 appellatus
1210 3271 1306 3350 erat,

215 3352 283 3429 clr.
315 3359 444 3456 Aspas.
474 3359 519 3429 atl
545 3360 659 3430 Arist.
689 3358 775 3430 Eub.
803 3360 885 3430 Nic.
912 3360 987 3452 lll,
1012 3384 1051 3456 p.
1077 3355 1144 3428 15.
1224 3360 1306 3432 Nec

213 3457 353 3549 obstat,
406 3460 503 3558 quotl
527 3462 565 3530 in
593 3460 772 3557 Catalogis
800 3460 936 3550 Oreus,
989 3463 1027 3530 in
1057 3459 1168 3532 Scuto
1199 3461 1304 3533 Mars

213 3560 259 3630 atl
285 3560 412 3658 Pylum
444 3559 488 3632 ab
516 3561 670 3633 Hercule
706 3561 858 3632 feliciter
893 3560 1085 3659 depugnati
1112 3559 1301 3655 (licuntur,

212 3672 254 3732 ut
288 3660 477 3733 videbatur
508 3664 735 3753 Heinrichio‚
782 3661 949 3760 Prolegg.
987 3690 1024 3759 p.
1049 3663 1161 3754 Lx1;
1216 3689 1303 3737 nam

212 3783 278 3834 cur
299 3786 372 3832 nou
398 3775 588 3861 utrumque
610 3763 726 3860 potuit
751 3762 858 3834 simul
882 3764 1120 3835 adversarium
1146 3760 1300 3858 habere,

211 3863 385 3935 adiutrice
411 3858 597 3936 Minerva?
658 3865 725 3936 clr.
755 3862 912 3936 Boecllr.
939 3865 984 3936 ad
1008 3864 1113 3935 Pind.
1143 3892 1181 3962 p.
1201 3863 1299 3941 189.

312 3961 473 4036 Potiores
498 3988 582 4036 vero
614 3960 680 4039 lrac
715 3968 752 4037 in
780 3991 817 4038 re
843 3978 1053 4064 repetuntur
1077 3989 1225 4040 caussae
1252 3996 1301 4043 ex

211 4055 318 4137 relius
344 4066 437 4162 apud
458 4067 652 4139 Hesiodum
680 4071 831 4165 primum
856 4071 1029 4140 enarratis
1054 4066 1112 4139 vel
1136 4080 1235 4141 certe
1256 4074 1299 4142 in

209 4185 285 4233 cam
306 4167 454 4238 sormam
477 4167 648 4258 redactis,
679 4196 770 4266 quae
792 4173 833 4239 in
851 4169 1050 4242 Homericis
1073 4169 1299 4244 carminibus

208 4274 270 4335 unt
290 4275 361 4338 tota
385 4270 518 4340 l'rustru
541 4271 746 4368 quaeritur,
788 4281 848 4340 aut
870 4294 915 4339 cx
937 4284 1037 4366 parte
1061 4294 1151 4342 nova
1177 4282 1236 4344 est
1261 4286 1300 4347 et

209 4363 381 4437 inaudita.
459 4371 532 4441 lam
567 4360 704 4468 pritlcm
743 4393 827 4441 vero
863 4370 1140 4462 intellexerunt,
1197 4373 1300 4448 inter

208 4485 332 4541 omnes
367 4466 541 4566 imagines
577 4473 614 4542 in
651 4471 761 4542 Scuto
799 4495 1002 4567 expressas,
1061 4488 1169 4545 unam
1207 4500 1298 4573 prae
