3044 5264
392 395 675 474 APPARATUS
711 395 935 481 culmcus.
1125 387 1197 464 tat

111 628 237 702 garena
272 612 390 674 autem
427 600 520 674 hanc
556 603 766 700 scriptoram
801 603 937 701 primus
981 607 1201 703 impugnavit

116 703 313 775 Dorvillius
339 703 383 776 ad
409 702 594 776 Chariton.
622 731 659 801 p.
679 700 785 797 220,
833 707 917 803 quia
949 706 1104 783 ἇλιταίνω
1138 735 1195 804 ap.

115 807 220 876 Hom.
249 831 329 876 enm
355 806 591 896 Aoeusatiro,
630 807 715 898 perd
738 809 999 905 praepositione
1026 833 1198 905 nusquam
1421 887 1424 894 .

113 907 263 994 adiecto,
291 908 450 978 construi
472 905 583 996 solet,
617 905 685 979 cfr.
708 907 837 982 Maian.
867 907 933 980 Gr.
960 907 1027 980 Gr.
1052 906 1196 1008 5115,
1266 947 1269 953 ·

113 1004 176 1080 11.
226 1007 392 1105 Theogn.
413 1003 520 1079 1121
555 1007 624 1085 ἐπεὶ
654 1010 814 1113 μεγάλους
855 1012 962 1098 ἤλιτες
994 1010 1199 1100 ἀθανάτους.

114 1110 242 1203 Quam·
258 1109 400 1207 quidem
431 1133 589 1180 caussam
617 1135 728 1207 quum
753 1136 816 1180 sua
842 1113 1047 1183 assensione
1070 1116 1198 1206 proba·

112 1223 204 1284 tum
226 1212 375 1282 ivissent
413 1210 542 1281 Heinr.
580 1211 704 1283 Herm.
743 1211 859 1282 Gaisf.
898 1205 1025 1284 Dindf.
1060 1212 1194 1285 Goettl.

113 1310 260 1384 Sabaei.
296 1310 341 1382 ad
371 1309 621 1408 Sapuates.
660 1335 691 1384 s.
716 1337 753 1382 ν.
793 1313 934 1398 diaria.
957 1313 995 1403 1,
1029 1340 1067 1410 p.
1089 1311 1197 1392 1190

115 1415 254 1503 Paris„
294 1414 358 1509 qui
385 1413 424 1486 in
454 1410 606 1485 testibus
638 1415 861 1487 oonieotorae
893 1414 1044 1487 citandis
1079 1418 1197 1487 omnia

111 1513 301 1610 pervertit,
341 1513 547 1610 Leunepios
579 1524 703 1587 eontra
735 1513 925 1588 notandam
963 1541 1040 1588 esse
1073 1515 1196 1590 dictio·

113 1641 214 1705 nem,
242 1639 315 1685 non
340 1626 473 1686 temere
496 1614 732 1690 damnandam.
754 1629 816 1688 aut
836 1615 1088 1713 repudiandam
1114 1643 1197 1690 oeu-

111 1718 204 1807 soit,
244 1715 408 1813 idemque
435 1719 505 1787 iam
532 1717 580 1786 H.
615 1715 835 1812 Stephanum
870 1719 996 1789 iecisse
1035 1730 1071 1790 et
1101 1718 1196 1816 Hep-

106 1812 210 1888 'nium
237 1816 281 1888 ad
306 1817 352 1888 lt.
372 1850 400 1902 τ,
417 1813 497 1887 265
522 1811 778 1908 Boissonadus‚
806 1820 870 1917 qui
893 1817 1116 1914 Leunepium
1141 1845 1196 1891 se·

113 1920 257 2018 quitor,
294 1920 441 1990 notavit.
494 1919 544 1991 At
568 1944 653 1990 vero
676 1926 751 2015 μετ’
780 1921 830 1990 ita
854 1929 909 1990 est
939 1929 1061 1991 eontra
1093 1936 1196 1991 usum

113 2022 232 2115 opicae
257 2022 376 2115 poesis
404 2029 635 2114 usurpatum,
668 2018 832 2092 utnulla
861 2021 997 2092 ratione
1025 2019 1111 2090 ferri
1136 2031 1198 2091 aut

114 2118 257 2191 defendi
280 2123 414 2216 poesit3
454 2118 523 2193 hoo
547 2119 896 2194 mihieertiseimum
923 2120 1064 2193 videtur
1074 2146 1086 2214 3
1124 2146 1197 2192 noo
1232 2169 1233 2172 =

114 2223 197 2296 licet
217 2223 287 2294 nisi
312 2221 356 2294 de
379 2224 512 2318 optimo
537 2221 741 2319 corrigendi
768 2220 874 2294 modo
900 2221 1086 2319 disputari.
1143 2223 1197 2295 Ac

115 2323 198 2415 suit,
221 2349 331 2420 quom
350 2322 436 2393 milri
454 2319 711 2421 perplacerets')
735 2355 768 2398 τι
781 2323 856 2401 τότ’
875 2323 1081 2412 ἀθανάτους.
1125 2320 1197 2398 Sed

112 2426 187 2519 μέγ’
226 2426 373 2521 propius
404 2423 505 2496 abest
537 2451 558 2495 a
588 2423 760 2496 librorum
786 2425 960 2521 scriptura
995 2435 1031 2496 et
1055 2433 1197 2496 senten·
1287 2488 1293 2499 .

62 2538 65 2545 '
114 2528 242 2597 tiorum
274 2527 383 2600 nexui
417 2523 818 2598 accommodatissimum
852 2535 926 2619 est3
973 2549 1089 2624 neque
1126 2523 1197 2596 fre·

115 2626 524 2726 quentiusquidquam,
570 2652 676 2723 quam
704 2625 908 2698 vocularum
939 2628 1023 2719 μετὰ
1048 2635 1084 2696 et
1113 2635 1198 2718 μέγα

115 2727 298 2821 confusio,
354 2729 433 2800 eir.
458 2724 602 2799 Goulm.
638 2726 690 2802 ad
714 2724 853 2800 Theod.
882 2725 1009 2798 Prodr.
1045 2751 1083 2820 p.
1100 2720 1194 2795 509.

119 2826 258 2901 itemst.
291 2827 347 2900 ad
388 2830 479 2901 Loo.
514 2827 660 2926 Nigrin.
690 2827 730 2919 1,
776 2853 814 2925 p.
838 2822 903 2898 59.
970 2824 1114 2898 Sohaef.
1152 2825 1199 2897 ad

115 2932 226 3029 Greg.
255 2929 341 3002 Cor.
380 2957 419 3028 p.
440 2925 536 2999 216.
581 2929 680 3001 Bast.
717 2954 755 3026 p.
781 2923 873 3003 710.
940 2925 1044 2997 Adde
1081 2924 1198 3024 Soph.

116 3030 212 3103 Phil.
232 3027 323 3103 515..
348 3032 415 3119 ur.
475 3031 594 3103 Unum
619 3027 752 3120 obstat,
792 3026 889 3127 quod
922 3037 1008 3122 μέγα
1029 3058 1077 3112 τι,
1124 3052 1198 3099 non
1337 3019 1340 3024 ’

115 3166 150 3207 τι
180 3142 265 3227 μέγα
300 3132 371 3204 diei
405 3131 534 3227 solet.
588 3132 682 3204 Hine
715 3130 921 3227 Lennepius
958 3128 1198 3231 coniecturam

117 3233 284 3305 Dorviltii
313 3231 548 3330 improbavit,
593 3231 819 3304 Hermannos
857 3256 942 3303 vero
976 3226 1197 3304 audaciorem

117 3334 253 3406 invexit
273 3338 364 3405 hano
387 3336 616 3408 mutationem
650 3329 696 3424 ιῆ
729 3347 815 3426 μέγα
846 3333 885 3423 δή
908 3363 941 3410 τι
967 3334 1070 3418 θεοὺς
1092 3331 1198 3426 poiso-

118 3467 203 3529 ραςι
236 3447 278 3506 nt
304 3435 472 3530 Apellen.
499 3432 616 3508 Rhod.
643 3434 713 3526 111,
736 3429 818 3505 890
854 3428 905 3505 »ὦ
931 3438 1040 3532 φίλαι·
1065 3427 1087 3520 ἦ
1111 3440 1197 3525 μέγα

117 3537 158 3627 δὴ
190 3567 224 3610 τι
255 3539 460 3634 παρήλιτρνι
496 3534 554 3608 vel
578 3534 723 3625 Noster,
750 3561 787 3605 v.
812 3529 906 3604 105.
942 3527 1001 3622 rr}
1032 3535 1123 3624 μάλα
1155 3530 1194 3604 dr'

118 3670 175 3711 rr·
215 3637 343 3709 Heinr.
377 3638 531 3734 margini
565 3661 632 3708 suo
665 3633 873 3733 adscripsit,
909 3660 948 3732 p.
972 3626 1071 3722 128,
1116 3637 1198 3727 poet

118 3736 226 3809 verba
250 3750 286 3810 et
308 3738 461 3812 Dorvill.
494 3737 521 3808 l.
547 3763 580 3810 e.
616 3733 705 3807 »ubi
732 3738 772 3808 in
803 3732 976 3832 exemplis
1010 3741 1065 3806 est
1092 3732 1198 3802 etiem

118 3871 150 3914 rs
170 3848 265 3932 μέγα.
303 3851 336 3914 τὶ
356 3849 440 3934 μέγα
463 3847 647 3939 spondendo
671 3838 888 3927 Ἀθηναίους
911 3836 1055 3927 ἀγαθόν.
1098 3831 1194 3902 Plut-

118 3939 305 4012 Demosth.
334 3965 367 4012 0.
390 3936 458 4010 22.
512 3951 545 4016 τὶ
567 3941 645 4033 ὑμῖν
673 3948 759 4033 μέγα
788 3947 891 4030 λέγειν
921 3933 1013 4007 Plat.
1041 3935 1194 4030 Apolog.

100 4039 221 4112 Ι8001.
250 4067 282 4114 o.
312 4037 351 4111 ὅ.
405 4039 573 4138 Longus,
608 4040 745 4112 Pastor.
773 4063 812 4134 p.
832 4033 886 4108 88
912 4033 1056 4107 Sohaes.
1095 4034 1198 4133 ὥςπερ

118 4175 151 4215 τι
174 4155 257 4236 μέγα
278 4154 333 4218 καὶ
358 4142 579 4237 θεόπεμπτον.
595 4179 645 4196 ν·-
695 4136 766 4212 Sed
791 4138 860 4210 1100
885 4138 1032 4210 fortusse
1055 4139 1198 4233 capien-

121 4240 225 4335 dum,
262 4255 302 4316 ut
334 4244 515 4315 Homeric-
554 4237 576 4332 ἦ
604 4275 637 4318 τι
660 4240 749 4335 μάλα
766 4239 861 4339 χρεώ.
897 4233 1198 4331 11.Χ111,197.«

121 4347 216 4418 Haec
240 4369 316 4416 mea
345 4345 457 4442 ipsios
483 4368 625 4442 quoque
654 4341 725 4414 fnit
748 4341 970 4434 coniectura3
1006 4336 1086 4429 ἦτι
1118 4339 1197 4410 iun·

120 4446 235 4546 genda
257 4457 366 4544 puto5
401 4445 476 4542 μέγ’
505 4443 550 4517 ad
575 4468 695 4518 vocem
716 4444 826 4535 ἤλιτεν
849 4439 1073 4514 trahendum.
