3044 5264
203 414 291 492 540
522 413 743 491 IMITA'I'IO
783 411 983 488 Humum.

208 624 318 715 telrit,
364 619 432 693 elr.
462 619 591 691 Heinr.
621 614 789 713 Prologg.
824 640 860 711 p.
888 612 994 682 LVII
1017 597 1123 710 seqq.
1210 609 1311 686 Nam

206 731 241 800 si
266 726 311 799 ad
338 723 370 793 H
379 723 569 794 omeriea
596 721 749 815 primum
777 717 932 789 earmina
960 715 1118 784 animum
1144 710 1311 786 adverti·

209 854 309 919 mus,
347 825 496 895 imitatio
514 823 672 894 cernitur
697 820 735 888 in
762 843 823 908 eo,
862 814 959 917 quod
975 840 1117 887 carmen
1135 827 1310 888 nostrum

210 928 402 1025 descriptio
428 934 482 996 est
508 923 627 1020 operis
652 931 728 991 arte
746 919 851 1008 faeti,
885 943 957 988 non
982 918 1034 989 rei
1053 926 1178 1015 gestae
1200 943 1311 990 enar·

209 1033 316 1121 ratia,
340 1051 453 1125 eaque
467 1024 603 1096 mediae
619 1021 833 1094 enarrationi
843 1021 898 1121 'ita
915 1021 1061 1108 inserta,
1084 1029 1126 1089 ut
1139 1045 1224 1091 eam
1241 1045 1313 1119 per

210 1144 353 1228 tempus
390 1126 536 1224 aliquod
572 1151 617 1196 ex
655 1122 768 1194 oeulis
807 1121 938 1191 nostris
969 1121 1116 1216 eripiat,
1168 1119 1310 1194 deiude

210 1232 311 1333 qdod
337 1257 377 1302 ea
413 1227 602 1324 descriptio
636 1223 812 1294 humanae
837 1223 923 1292 artis
950 1223 1080 1293 limites
1106 1220 1219 1320 louge
1247 1248 1313 1293 su.

212 1331 461 1433 pergreditur,
499 1353 608 1427 quare
629 1324 814 1396 Vulcanus
837 1321 988 1394 traditur
1010 1324 1128 1418 operis
1154 1324 1314 1395 ell'eetor

214 1435 349 1526 luisse3
393 1445 467 1503 tum
495 1426 590 1527 quod
625 1425 842 1524 reliquorum
869 1449 1047 1494 armorum
1072 1423 1313 1520 splendorem

214 1536 322 1633 longe
344 1533 494 1605 Seutum
516 1532 648 1620 vineit,
687 1529 746 1599 eui
778 1524 1014 1598 describendo
1042 1551 1197 1622 maguus
1226 1553 1311 1598 ver-

216 1662 322 1708 suum
349 1659 518 1706 uumerus
543 1629 752 1704 conceditur
761 1655 773 1721 3
811 1640 990 1724 postremo
1014 1626 1112 1722 quod
1137 1629 1177 1696 in
1200 1653 1313 1699 usum

215 1737 304 1812 tneo
328 1737 448 1809 omnia
475 1739 642 1823 heroum,
678 1728 809 1828 quibus
831 1727 922 1801 uilril
938 1729 1054 1800 simile
1070 1729 1107 1798 iu
1126 1726 1217 1801 orbe
1236 1741 1313 1801 ter»

215 1865 336 1912 rarum
355 1838 439 1928 ruit,
456 1835 675 1931 deorumque
695 1834 795 1902 iussu
813 1842 848 1902 et
862 1855 969 1902 suasu
985 1829 1076 1901 faeta
1091 1841 1192 1900 suut.
1236 1830 1314 1904 Sed

216 1943 331 2013 maior
343 1940 448 2012 etiam
465 1935 645 2008 videbitur
661 1931 870 2022 similitudo,
889 1933 920 2002 si
933 1930 978 2002 ad
995 1930 1155 2028 singulas
1171 1930 1312 2004 deseri·

103 2062 106 2069 '
217 2042 351 2141 ptiouis
371 2051 490 2137 partes
509 2038 714 2110 transimus.
761 2034 919 2130 Uterque
946 2034 1041 2104 enim
1064 2044 1169 2128 poeta
1193 2032 1312 2105 Ocea·

218 2168 305 2213 num
333 2143 371 2210 in
395 2166 456 2211 ora
472 2139 573 2211 Senti
593 2137 732 2233 posuit,
766 2145 918 2232 uterque
938 2133 1025 2203 duas
1049 2132 1158 2205 urbes
1183 2133 1312 2226 linxit,

218 2243 365 2314 alteram
383 2242 479 2337 paeis
502 2250 658 2333 tempore
677 2235 904 2306 laetissimam
930 2234 1311 2335 florentissimamque,

220 2342 367 2414 alteram
420 2338 508 2411 belli
558 2334 817 2410 calamitatibus
863 2361 1091 2432 oppressum3
1154 2348 1313 2436 uterque

220 2468 327 2539 opera
354 2442 507 2532 rustica,
553 2439 746 2528 vinitores,
794 2435 963 2528 choreas,
1001 2439 1168 2534 nuptias,
1213 2452 1313 2511 uter-

222 2569 293 2642 que
317 2544 467 2614 lllartem
502 2552 537 2613 et
571 2542 789 2629 Minervam,
837 2548 990 2635 uterque
1026 2538 1111 2611 deos
1137 2539 1314 2639 'deasque

220 2643 436 2742 praeliorum
457 2641 637 2741 praesides
656 2639 851 2736 expressit,
878 2638 1027 2737 uterque
1045 2642 1315 2738 navigationem

222 2749 317 2818 inter
341 2743 525 2815 hominum
554 2743 695 2841 negotia
729 2741 986 2835 praetermisit,
1040 2741 1107 2813 cfr.
1136 2743 1310 2815 Eustatlr.

222 2846 268 2919 ad
296 2844 340 2916 ll.
376 2871 414 2942 p.
431 2840 534 2915 1155
555 2856 591 2917 et
611 2838 709 2913 1161
737 2842 869 2934 Rom,
919 2853 1071 2940 uterque
1102 2846 1200 2914 omni
1238 2871 1314 2915 me·

222 2945 389 3019 tallorum
413 2958 561 3036 ornatu,
588 2968 741 3042 quorum
759 2943 999 3041 coguitionem
1021 2941 1194 3037 habebat,
1219 2946 1314 3019 Seu-

222 3061 299 3122 tum
327 3073 431 3119 suum
458 3047 650 3119 decoravit.

234 3154 236 3160 '
328 3149 516 3219 Rarissimi
542 3172 627 3219 vero
650 3157 736 3218 sunt
760 3146 976 3239 imitatores,
1031 3151 1094 3246 qui
1120 3146 1214 3219 uilril
1241 3151 1315 3220 nisi

223 3251 376 3322 aliorum
412 3250 572 3347 vestigiis
608 3248 792 3318 inhaerere
825 3247 973 3342 volout,
1018 3250 1165 3348 plurimi
1201 3251 1315 3322 simul

224 3348 356 3422 aemuli
390 3375 468 3423 esse
503 3348 619 3422 solent
653 3375 795 3440 eorum,
849 3375 1001 3446 quorum
1038 3350 1312 3423 similitudinem

223 3463 387 3549 eaptant,
449 3461 488 3524 et
528 3452 757 3523 contentione
801 3451 1065 3549 superandique
1116 3451 1315 3548 eupiditate

226 3551 474 3649 impelluntur.
548 3552 675 3650 Neque
711 3562 833 3623 noster
867 3564 971 3648 poeta
1003 3553 1047 3625 at
1078 3552 1143 3624 lrae
1170 3556 1314 3649 perieu-

226 3653 300 3725 losr
324 3653 559 3728 aemulatione
596 3654 782 3726 abstinuit.
861 3655 984 3746 Quare
1015 3652 1079 3725 utri
1106 3654 1314 3750 exemplum

224 3779 330 3826 suum
357 3754 549 3854 relinquit,
593 3753 644 3826 ibi
670 3779 814 3853 quoque
835 3779 913 3826 sese
941 3756 1152 3828 imitatorem
1175 3756 1313 3852 prodit.

327 3855 408 3950 Qua
440 3859 478 3927 in
511 3884 548 3929 re
578 3855 787 3954 explicanda
820 3853 938 3928 verbis
962 3858 1079 3930 Servii
1104 3855 1173 3957 (ad
1200 3857 1310 3957 Virg.

104 4020 110 4033 ,
226 3960 319 4029 Aen.
350 3955 589 4058 v111,625)
629 3961 785 4049 utimur,
834 3984 857 4030 e
889 3958 1077 4058 Lessingio
1111 3959 1311 4031 Laocoont.

227 4057 379 4149 XVssl,
418 4059 597 4156 praeclare
623 4062 826 4159 usurpatis:
881 4060 1001 4133 »Saue
1035 4062 1184 4133 interest
1217 4061 1316 4132 iuter

225 4154 324 4232 hune
351 4173 387 4234 et
411 4162 560 4235 Homeri
590 4162 776 4259 elypeum:
813 4160 888 4233 illie
920 4165 1016 4233 enim
1046 4160 1188 4261 singula
1223 4160 1313 4235 dum

225 4255 319 4329 liunt
344 4277 552 4336 narrantur:
602 4264 661 4336 hie
698 4289 782 4337 sero
818 4261 976 4360 perlecto
1012 4289 1120 4362 opere
1156 4288 1314 4336 noscun-

136 4368 141 4380 ‘
225 4369 327 4430 tur-r
396 4366 509 4437 Cuius
541 4367 749 4438 mutationis
773 4389 865 4462 quae
896 4389 1020 4437 mussa
1048 4367 1176 4456 fuerit,
1222 4366 1303 4437 milr

223 4459 368 4564 quidem
390 4463 531 4540 videtur
553 4467 815 4567 apertissimum
840 4489 934 4539 esse.
1007 4469 1188 4542 Homerus
1212 4470 1312 4540 enirn
