3044 5264
511 396 831 473 nngPLAfflA
856 397 1019 510 sulca
1148 335 1149 338 ¹
1228 395 1311 469 500

221 615 293 675 tum
328 604 435 677 llere.
502 601 630 677 Eiusd.
666 602 869 699 Georgicon
901 600 986 674 libri
1011 601 1097 677 duo.
1166 607 1310 683 Cbaudit

215 708 312 779 enim
339 732 467 804 agmen
495 704 691 777 llesiudus.
745 703 873 775 Dictus
896 729 1013 776 annus
1038 708 1076 777 iu
1105 707 1178 782 line
1204 708 1309 806 plane

213 805 438 904 subscriptus
461 817 516 879 est
537 806 674 878 numini
700 804 784 875 Alai
810 805 971 882 ltlunueii
992 807 1159 881 Romani.
1223 812 1306 883 Edi·

213 910 265 980 tio
298 935 365 1005 pro
397 906 457 979 illu
483 919 599 982 aetate
630 903 817 1005 splendida
843 905 915 978 dici
938 918 1055 1003 potest
1079 920 1115 982 et
1150 909 1307 1008 splendi-

213 1009 298 1081 dior
319 1019 374 1081 est
400 1008 549 1108 reliquis
575 1033 686 1107 prope
711 1006 879 1079 omnibus
903 1006 1060 1081 Aldinis.
1116 1012 1172 1087 De
1194 1038 1234 1085 ca
1260 1011 1307 1086 ob

213 1109 406 1182 nonnullas
449 1112 490 1183 iu
522 1109 706 1183 Theocrit.
750 1120 848 1180 textu
892 1106 1147 1207 discrepantias
1185 1112 1307 1210 plures

212 1210 409 1283 studiosius
450 1211 678 1310 disputarunt
712 1222 795 1307 post
829 1209 1037 1306 lleislsium5
1083 1213 1306 1310 probabilius
1386 1218 1387 1222 ’

212 1314 342 1385 ceteris
367 1313 572 1386 Wartonns
598 1315 636 1384 in
664 1311 783 1383 Praei.
812 1310 857 1382 ad
876 1309 1030 1384 'lbeocn
1060 1339 1187 1407 suum,
1223 1343 1305 1389 cau·

212 1440 287 1485 sam
313 1413 455 1485 illarum
480 1416 519 1486 in
550 1415 747 1488 retractatis
782 1409 948 1516 pluribus
980 1412 1077 1486 loliis
1114 1443 1304 1516 quaerens,

211 1514 249 1586 id
275 1514 372 1615 quod
404 1513 502 1587 baud
533 1514 643 1593 dubie
673 1525 748 1586 tum
783 1514 926 1610 saepius
961 1538 981 1584 a
1016 1513 1319 1615 diligentioribus.
1372 1597 1377 1607 s

211 1616 443 1715 typographis
475 1616 597 1697 flebat,
667 1616 710 1688 ln
740 1613 899 1688 Hesiodo
923 1612 1016 1694 nihil
1040 1617 1216 1711 eiusmodi
1241 1619 1305 1694 ob·

211 1717 385 1791 servabile
411 1729 505 1790 osa·
1277 1725 1289 1747 ‘

310 1820 411 1890 llaec
436 1816 614 1889 Wuliius.
677 1815 819 1913 Quibus
854 1843 900 1890 ex
932 1817 1094 1893 lontibus
1126 1819 1305 1894 Hesiodea

211 1922 368 1992 carmina
386 1918 501 1990 Aldus
526 1915 717 2016 acceperit,
745 1917 843 2017 quod
858 1920 1088 1998 Mnetzellius
1113 1920 1306 2022 diligenter

212 2020 372 2118 quidem,
400 2019 463 2091 sed
481 2021 612 2092 frustra
630 2021 821 2120 quaesivit,
850 2019 920 2101 Ι,Ι.
945 2019 1118 2118 p.2-t,
1143 2034 1306 2096 accurate

211 2120 504 2219 perlegentibus,
544 2123 700 2221 quaein
722 2123 903 2217 Apparatu
926 2125 1049 2195 critico
1075 2122 1302 2222 collegimus,

210 2223 317 2294 ianuile
352 2221 500 2320 patebit.
567 2227 619 2294 Ac
655 2220 729 2295 duo
750 2221 975 2319 potissimum
1001 2222 1085 2297 libri
1112 2226 1302 2297 maximam

212 2322 346 2395 babent
378 2350 461 2396 cum
496 2323 633 2396 Alalino
668 2322 960 2416 similitudinem,
1008 2327 1038 2397 B
1072 2337 1109 2399 et
1140 2326 1196 2416 Ι),
1242 2323 1306 2397 sed

212 2426 312 2522 prior
336 2427 374 2495 in
400 2418 522 2532 priore
547 2423 792 2497 tautummodo
818 2427 987 2515 carminis
1010 2440 1110 2523 parte
1134 2438 1170 2498 et
1202 2456 1221 2498 a
1251 2453 1303 2497 m.

212 2551 268 2621 pr.
298 2523 527 2623 plerumque,
554 2527 731 2622 posterior
755 2549 841 2595 vcro
869 2549 984 2622 usque
1008 2525 1183 2598 adfinem
1210 2528 1301 2598 eins.

214 2625 328 2696 Cuius
356 2627 407 2697 rei
437 2636 478 2696 nt
502 2624 662 2722 exempla
692 2624 852 2716 alierum,
876 2626 906 2694 B
930 2649 1010 2695 cum
1029 2626 1115 2696 ald.
1138 2629 1307 2698 convenit

214 2725 336 2796 iubis
362 2723 596 2816 lectionibus,
636 2726 681 2825 (si
704 2749 828 2798 omues
853 2725 1025 2798 lectiones
1051 2725 1303 2824 appellandae,
1363 2784 1366 2792 ,

213 2837 300 2897 sunt
333 2828 429 2900 enim
473 2826 652 2898 interdum
682 2825 715 2896 lu
742 2851 804 2897 sus
839 2823 1036 2898 scribarum
1070 2827 1305 2927 foedissimi),

213 2937 357 3004 κυανέων
388 2953 444 2999 vs.
470 2923 518 3017 7,
555 2929 589 3002 δ’
625 2929 682 3002 lira
712 2853 787 3019 l2,
823 2940 1000 3026 παρανοΐτι
1021 2923 1095 3019 ld,
1128 2929 1308 3035 φιλᾷπιὸος

213 3027 291 3122 25,
319 3030 478 3200 dvdplaiuw
497 3025 572 3122 29,
599 3030 675 3104 τότε
698 3024 777 3120 54,
803 3029 908 3136 ‹paiyoa
933 3024 1011 3121 42,
1044 3029 1247 3126 &rotatione
1271 3039 1308 3102 el

215 3132 262 3217 ὥς
285 3128 381 3226 <tad
417 3180 430 3224 ,
495 3141 584 3218 ιλίως
608 3127 682 3221 05,
720 3131 877 3225 acesilaos·
899 3125 973 3221 lb,
1007 3132 1126 3230 πατέρ’
1162 3131 1203 3206 ‘o'a
1234 3126 1304 3224 50,
1443 3229 1449 3233 .

216 3235 410 3332 sipecptdadtist
440 3163 517 3321 (lg,
554 3242 688 3326 ἷὶμὲνων
717 3226 790 3323 65,
828 3227 981 3306 0000008ον
1012 3227 1084 3323 6⁷9
1120 3234 1207 3324 πλὴν
1236 3227 1305 3324 74,

216 3335 262 3427 ἂρ
294 3333 420 3421 τηλόθι
448 3329 514 3430 (m.
542 3332 619 3432 pr.)
644 3327 718 3420 85,
751 3343 875 3430 φρένας
900 3337 1081 3426 ἐναλίγκιον
1104 3329 1179 3423 ΒΒ,
1213 3340 1307 3426 δῶμα

214 3430 286 3522 ill),
315 3436 469 3525 copricae
492 3427 558 3524 91,
585 3433 679 3527 μάλα
703 3427 770 3521 92,
797 3433 821 3529 ἢ
845 3439 878 3506 d’
904 3427 973 3526 95,
1001 3434 1182 3527 ἆμώμντος.
1207 3427 1304 3525 102,
1373 3466 1381 3483 ·

217 3535 312 3608 odana
345 3529 446 3625 llll,
484 3533 518 3606 δ’
557 3536 708 3621 attigerat
732 3529 805 3602 lll
834 3542 904 3605 etc.
979 3537 1029 3605 At
1061 3532 1127 3605 bac
1162 3535 1239 3630 ipsa
1269 3534 1308 3604 in

216 3634 384 3706 carminis
416 3643 517 3729 purte
548 3658 622 3706 nun
656 3658 736 3705 raro
762 3631 958 3726 dissident,
995 3630 1184 3734 (exhibent
1211 3636 1308 3705 enim

216 3768 270 3821 τις
297 3737 325 3804 Β
349 3733 491 3810 scald.
524 3735 563 3806 in
597 3759 653 3806 vs.
677 3731 754 3827 10,
790 3737 829 3823 ‘dc
848 3734 893 3806 Β.
917 3759 938 3805 a
964 3760 1021 3831 pr.
1050 3763 1099 3806 m.
1128 3747 1161 3810 ut
1186 3737 1216 3804 Α
1242 3729 1307 3824 ll,
1407 3762 1409 3768 ⁴

218 3846 338 3930 ἱέμενον
373 3837 400 3906 Β
433 3841 554 3929 ἱέμενοι
588 3840 619 3907 Α
666 3847 703 3907 ct
732 3846 889 3931 anteacto
920 3835 952 3907 B
981 3845 1140 3931 πολέμοιο
1173 3838 1203 3905 Α
1237 3830 1308 3926 25,

219 3938 350 4014 ἕσποντ’
380 3939 410 4006 Β
440 3944 573 4013 ἕσποντ’·
596 3941 627 4008 Α
654 3933 729 4029 96,
760 3942 921 4036 paudum
947 3935 979 4007 B
1002 3943 1161 4036 φυτεύσαι
1181 3937 1216 4007 Α
1240 3932 1308 4031 20,
1466 3929 1469 3936 ’

217 4046 423 4136 Ἀφροδίτης
449 4038 479 4108 Β
501 4039 734 4158 ’Λμφροδίτης
757 4042 793 4107 Α
813 4033 882 4128 07,
905 4035 1018 4138 etoq)
1044 4037 1108 4109 sed
1128 4034 1309 4129 rat-vida,

218 4141 258 4210 in
283 4137 392 4210 rebus
416 4138 622 4230 levissimis,
650 4151 731 4236 post
756 4134 989 4209 versuml20
1015 4149 1131 4211 autem
1154 4135 1334 4236 plerum·

223 4265 294 4339 que
320 4240 359 4311 iu
386 4238 524 4314 diversa
549 4239 696 4312 abeunt.
751 4239 960 4311 Communia
978 4237 1311 4332 bubentnonnullu,

222 4366 314 4436 quae
348 4341 524 4440 imprimis
557 4342 678 4440 magni
713 4339 885 4413 momenti
917 4351 1024 4435 sunt,
1059 4351 1140 4437 pust
1164 4341 1313 4414 relativa

224 4439 436 4542 plerumque
459 4454 654 4537 commata,
681 4441 947 4518 inclinationem
972 4443 1166 4542 particulae
1187 4451 1232 4530 δὲ,
1257 4443 1311 4514 iu·
