3044 5264
347 397 434 477 ero
603 375 1158 484 monuerimus.

348 610 387 686 in
411 608 491 682 loco
517 605 647 706 ἤρεικον
676 604 919 702 reponendum
947 631 1024 679 esse
1058 633 1162 679 nemo
1194 632 1266 680 non
1298 609 1433 682 iutelli-
1499 619 1504 627 '

348 716 415 814 gir.
469 710 603 781 Eadem
632 706 736 778 verba
767 707 860 803 apud
884 707 1030 779 Suidam
1055 735 1088 780 s.
1116 736 1153 779 v.
1186 711 1324 807 ἤρεικον.
1376 713 1433 785 Dc

347 839 435 886 voce
471 811 540 885 cir.
569 834 659 908 quae
686 807 815 879 Baehr.
854 809 898 879 ad
928 811 1063 882 Herod.
1086 812 1161 903 lll,
1189 810 1289 884 etit}
1324 813 1433 886 colle·

347 918 414 1017 git.
439 950 490 972 ....
541 913 668 1005 ἥροικον
694 911 795 980 Com.
827 910 954 981 Heius.
993 912 1096 984 male.
1122 956 1172 971 —-—
1233 921 1321 1010 dicu]
1356 924 1435 991 δίαν

346 1018 419 1090 AF
428 1005 575 1086 11th
604 1013 826 1084 Wintertuu.
855 1054 906 1066 --
955 1013 1184 1115 ἐπιστολάδην]
1218 1020 1434 1111 ἐπιοτοχὰὃην

347 1119 471 1192 llllm.
525 1115 747 1203 ἐπιστολάδην
773 1113 815 1184 C.
869 1116 1085 1204 ἐπιστολάδην
1119 1143 1295 1216 nusquam
1327 1117 1430 1212 alibi,

347 1230 519 1321 quantum
547 1217 635 1286 seio.

447 1313 540 1388 288.
594 1316 774 1414 ἐστάλατ’]
810 1316 940 1391 toratr'
976 1317 1049 1388 Bl)
1077 1316 1160 1388 Ald.
1189 1317 1302 1391 lu.l.
1343 1321 1430 1392 Bau.

347 1418 436 1495 w.
465 1421 617 1493 ἐστάλατ’
638 1419 684 1489 V.
713 1421 887 1492 torrituvr’
911 1418 1064 1489 Fllllm.
1094 1432 1231 1497 λοοαλον
1251 1421 1429 1494 Schmidt.

347 1550 392 1596 ex
418 1523 641 1610 coniectura,
688 1545 793 1617 quem
819 1520 995 1591 Wintert.
1030 1534 1203 1619 sequutus
1237 1533 1312 1614 est,
1363 1523 1432 1597 hae

345 1623 464 1695 addita
491 1621 737 1692 adnotatione:
782 1619 867 1693 »Sic
892 1620 1032 1692 videtur
1057 1621 1184 1721 legisse
1210 1626 1430 1721 interpres.«

346 1727 525 1822 Loquitur
555 1720 597 1792 de
623 1721 819 1793 Basileensi
851 1723 1062 1820 interprete,
1109 1727 1169 1821 qui
1204 1725 1311 1798 habet
1344 1726 1430 1799 »de-

346 1824 573 1899 mittebant«
623 1824 774 1898 ἐστάλατ’
811 1849 933 1893 verum
973 1834 1046 1915 est,
1095 1824 1192 1922 quod
1226 1852 1271 1898 ex
1301 1828 1427 1900 Trine.

345 1929 453 2027 primi
480 1922 585 1997 lu.2
622 1927 713 2022 Bog.
753 1922 879 2020 steph.
908 1923 1037 1996 Basd
1073 1938 1170 1998 reete
1203 1940 1426 2025 receperunt,

345 2042 383 2103 et
404 2027 486 2099 libri
504 2026 666 2123 plerique
688 2026 872 2122 praebent.
928 2025 1101 2124 (Eandem
1126 2028 1275 2101 sormam
1301 2032 1338 2099 in
1358 2032 1429 2102 lle·

345 2130 422 2204 rod.
445 2128 530 2216 Vll,
558 2153 591 2198 e.
614 2123 666 2195 89
693 2125 796 2196 multi
823 2138 1079 2223 reposuerunt,
1124 2130 1186 2200 sed
1218 2130 1275 2201 vel
1308 2158 1429 2204 receu-

345 2230 476 2303 tissimi
501 2226 654 2298 editores
680 2226 880 2305 admudum·
895 2228 1097 2299 dubitanter
1121 2229 1341 2330 loquuntur,
1389 2245 1430 2305 ut

345 2330 477 2404 Baehr.
505 2354 610 2426 quem
637 2327 749 2425 vide.)
800 2329 877 2401 Nec
910 2355 994 2400 vero
1025 2335 1201 2407 r'oroitorur
1225 2333 1334 2423 utd,
1365 2334 1429 2405 sed
1464 2344 1466 2349 ⁴

345 2434 507 2509 territare
529 2427 719 2528 legendum
747 2440 812 2501 est.
831 2474 882 2489 «-
931 2432 1053 2532 αὐτὰρ]
1076 2428 1118 2506 αὖ
1135 2436 1165 2508 δ’
1191 2436 1233 2531 dp
1250 2433 1426 2507 Schmidt.

345 2534 392 2608 ex
417 2535 618 2604 coniectura
643 2542 680 2602 et
698 2531 901 2622 Wintert.,
928 2545 1058 2604 conatu
1084 2560 1156 2605 non
1182 2534 1429 2608 laudabili.-

343 2638 455 2733 βαθὺ]
482 2638 580 2728 βάθη
599 2634 638 2701 F.
657 2677 708 2690 -
758 2636 868 2732 λήϊον]
894 2632 1071 2706 Scribitur
1092 2634 1302 2734 plerumque
1324 2639 1428 2728 ληίον,

343 2749 386 2810 ut
411 2738 479 2807 CF
491 2735 523 2806 V
549 2735 674 2805 Trinc.
703 2733 813 2805 Diud.
841 2782 891 2793 —
954 2736 1021 2807 Est
1056 2762 1101 2808 ex
1127 2739 1281 2809 Homero
1308 2739 1353 2811 ll.
1375 2740 1426 2830 ll,

343 2835 423 2912 147
466 2837 533 2909 clr.
567 2832 723 2906 Ellendt.
759 2836 850 2924 Lex.
886 2835 1056 2932 Sophocl.
1091 2863 1122 2908 s.
1150 2865 1186 2908 v.
1225 2842 1351 2935 βάθος.
1379 2885 1428 2898 -

342 2943 451 3035 ἤμων]
483 2939 576 3032 ἤμων
602 2935 644 3014 C.
685 2936 835 3009 sortasse
870 2940 954 3036 quia
989 2938 1057 3011 hoc
1092 2940 1240 3011 verbum
1280 2967 1300 3013 a
1343 2969 1428 3016 voce

343 3043 417 3137 ἅμα
449 3051 608 3133 repetere
633 3035 815 3129 solebant,
852 3040 920 3109 clr.
949 3038 1107 3136 llesyclr.
1136 3068 1167 3110 s.
1186 3068 1223 3112 r.

445 3136 548 3209 289..
592 3141 725 3240 αἰχμῇς]
754 3140 983 3234 αι’χμαῖςΑΒ.
1041 3140 1184 3239 Reliqui
1207 3154 1331 3215 tenent
1349 3146 1428 3215 vul·

344 3251 461 3341 gutum
496 3239 664 3329 formam,
711 3242 779 3311 nisi
813 3241 908 3338 quod
934 3240 1036 3311 multi
1069 3267 1149 3313 eum
1177 3244 1301 3316 Trina.
1356 3247 1426 3316 iota

344 3368 418 3414 non
443 3338 695 3430 subscribunt,
726 3352 767 3412 ut
793 3344 829 3411 in
856 3367 940 3413 voce
966 3355 1151 3441 sequente.
1207 3346 1261 3416 De
1284 3348 1428 3420 notione

344 3445 443 3516 vocis
472 3442 685 3513 recentiores
712 3442 923 3538 interpretes
949 3470 993 3515 ne
1029 3444 1176 3517 verbum
1207 3447 1351 3545 quidem
1375 3448 1428 3518 di·

344 3554 495 3635 xerunt,
542 3567 756 3641 quamquam
793 3543 931 3616 nullom
957 3544 1066 3615 alium
1092 3549 1320 3643 scriptorem,
1365 3552 1428 3645 qui

345 3649 467 3743 αἰχμάς
493 3646 599 3732 ὀξείας
632 3644 795 3717 similiter
823 3645 934 3744 sulces
965 3647 1222 3739 nominaverit,
1267 3648 1427 3745 prolerre

346 3749 506 3820 licet—
542 3747 751 3842 xopvmdruro
777 3748 915 3844 πέτηλα]
948 3747 1031 3819 Vox
1057 3752 1232 3846 posterior
1257 3752 1295 3819 in
1313 3753 1427 3821 omni·

345 3850 414 3921 bus
439 3845 541 3918 libris
568 3857 640 3938 est,
686 3859 833 3944 excepto
860 3848 913 3940 C,
951 3850 988 3918 in
1018 3875 1089 3946 quo
1123 3849 1281 3948 vulgaris
1314 3851 1427 3923 forma

344 3960 470 4024 πέταλα
501 3949 674 4044 reperitur
724 3947 820 4044 qood
853 3975 894 4019 eo
928 3951 1044 4019 miuus
1074 3950 1198 4021 mirum
1225 3961 1298 4039 est,
1343 3955 1426 4048 quia

344 4049 464 4121 loniea
498 4048 609 4120 sorma
643 4060 782 4138 πέτηλον
815 4049 952 4120 nullum
985 4049 1093 4122 hahet
1119 4063 1243 4123 testem
1271 4052 1429 4124 llesiodo

344 4151 602 4245 antiquiorem3
640 4152 708 4222 cfr.
738 4151 864 4223 scholl.
898 4176 997 4246 supr.
1029 4179 1065 4248 p.
1090 4149 1162 4243 35,
1211 4150 1273 4222 ubi
1306 4153 1428 4224 eadem

344 4251 482 4320 ratione
513 4251 550 4320 in
579 4251 659 4322 cod.
689 4253 790 4323 Mon.
818 4263 942 4326 πέταλα
968 4252 1148 4323 scribitur.
1204 4252 1288 4349 (Ap.
1324 4254 1425 4324 Boas.

345 4360 400 4421 est
424 4357 575 4441 πέτηλα.)
627 4351 792 4423 Conserri
815 4364 931 4448 potest
942 4352 1100 4451 llesyclr.
1119 4353 1170 4445 ll,
1189 4350 1269 4422 ttdss
1292 4364 1429 4428 νΠὲτα·

345 4458 480 4537 πτῶσις,
505 4452 664 4546 arrigere«
691 4463 727 4528 et
752 4479 857 4553 quem
883 4452 967 4524 Alb.
995 4452 1151 4548 addidit,
1189 4453 1317 4554 Cyrill.
1335 4455 1427 4528 Lex.
