3044 5264
270 413 299 484 ll
574 426 723 491 ΑΣΙΙΙΣ
754 423 1050 492 ΙΙΡΑΚΛΕΟΥΣ.

269 630 429 701 ἐκτελέσαι
451 631 535 717 μέγα
567 631 676 719 ἔργον,
714 624 735 697 ό
756 634 789 696 οἱ
813 625 937 700 Διόθεν
962 634 1060 718 θέμις
1080 620 1146 715 ήεν.

270 762 314 849 τῷ
338 752 370 822 δ’
403 751 489 845 ἅμα,
528 762 646 845 ίίμενοι
671 751 827 846 πολέμοιό
853 784 889 825 τε
913 755 1094 852 φυλόπιδός
1121 785 1183 836 τε,

242 886 411 971 ,Βοιωτοὶ
433 878 626 967 πλήξιπποι,
666 880 747 975 ὑπὲρ
772 887 895 953 σακέων
915 893 1087 967 πνείοντες,

211 1035 246 1090 25
269 1011 395 1101 Λοκροί
420 1004 445 1076 τ’
474 1006 651 1099 ἀγχέμαχοι
673 1018 730 1079 καὶ
760 1012 891 1094 Φωκῆες
913 1007 1115 1099 μεγάθυμοι,

268 1130 412 1204 ἕσποντ’·
442 1125 518 1227 ήρχε
543 1141 577 1205 δὲ
603 1131 709 1207 τσῖόιν
733 1135 786 1218 ε’ίίς
808 1133 885 1217 πάις
906 1134 1081 1216 Ἀλκαίοιο,

268 1257 404 1330 κυδιόων
428 1266 548 1332 λαοῖσι.

620 1390 762 1485 ’Πατήρ
791 1389 822 1460 δ’
851 1389 977 1487 ἀνδρῶν
996 1419 1032 1461 τε
1052 1395 1140 1461 θεῶν
1166 1418 1202 1459 τε

267 1514 369 1599 ἀλλην
392 1521 489 1606 μῆτιν
514 1513 632 1611 ἱίφαινε
652 1519 737 1608 μετὰ
762 1524 893 1614 φρεσίν,
928 1518 1021 1615 ὄφρα
1043 1524 1173 1587 θεοῖσιν

267 1642 405 1738 ἀνδράσι
432 1643 456 1715 τ’
483 1642 687 1744 ἀλφηστῇσιν
707 1645 789 1743 ἀρῆς
814 1647 959 1741 ἀλκτῆρα
982 1643 1139 1743 φοτεύση.

208 1794 243 1848 3⁰
268 1765 353 1865 ὦρτο
379 1770 410 1842 δ’
439 1770 492 1843 ἀπ’
523 1771 727 1866 Οὐλύμποιο,
768 1774 868 1847 δόλον
892 1784 990 1871 φρεσὶ
1013 1769 1276 1864 βυσσοδομεύων,

267 1902 397 1993 ἱμείρων
420 1896 599 1994 φιλότητος
622 1900 771 1985 ἐϋζώνοιο
798 1900 961 1993 γυναικός,

267 2023 425 2114 ἐννύχιος·
454 2023 538 2114 τάχα
565 2023 597 2092 δ’
624 2025 669 2107 ἷξε
696 2026 903 2120 Τυφαόνιον·
927 2025 1031 2098 τόθεν
1055 2020 1161 2109 αὖθις

270 2153 387 2220 Φίκιον
413 2147 598 2246 ἀκρότατον
622 2151 847 2246 προςεβήσατο
871 2162 1009 2243 μητίετα
1033 2150 1123 2235 Ζεύς.

266 2278 353 2346 ἔνθα
374 2271 611 2366 καθεζόμενος,
648 2286 745 2372 φρεσὶ
767 2274 889 2367 μήδετο
916 2283 1059 2349 θέσκελα
1085 2280 1176 2371 ἔργα.

208 2429 242 2482 35
257 2388 351 2502 ¹m'thJ
375 2415 436 2496 μίν
456 2403 520 2498 γάρ
545 2414 636 2476 νυκτὶ
664 2403 876 2501 τανυσφύρου
896 2403 1137 2501 Ἠλεκτρυώνης

264 2530 340 2631 εὐνῇ
365 2541 421 2603 καὶ
446 2531 599 2627 φιλότητι
621 2537 717 2623 μίγη,
759 2539 883 2605 τέλεσεν
905 2530 936 2600 δ’
962 2530 1010 2626 ἀρ’
1037 2538 1162 2624 ε’ίλδωρ,

265 2659 347 2759 αὐτῇ
374 2659 405 2729 δ’
427 2658 637 2755 Ἀμφιτρύων
666 2658 846 2743 λαοσσόος,
882 2659 1004 2751 ἀγλαός
1029 2657 1125 2753 ήρως,

264 2792 431 2869 ἐκτελέσας
458 2792 543 2876 μέγα
566 2791 679 2879 ἔργον,
716 2784 852 2881 ἀφίκετο
881 2784 955 2858 όνδε
980 2784 1131 2877 δόμονδε.

265 2911 336 2984 οὐδ’
367 2911 414 3004 ὅγ’
443 2919 495 2986 ἐπὶ
520 2919 633 3004 δμῶας
656 2922 712 2983 καὶ
736 2920 894 3001 ποιμένας
918 2909 1099 3003 ἀγροιώτας

206 3070 241 3122 ιη
265 3035 336 3137 ὦρτ’
361 3041 458 3121 ίίναι,
497 3044 573 3130 πρίν
598 3039 625 3128 γ’
654 3033 694 3123 ής
718 3037 839 3127 ἀλόχου
863 3034 1052 3125 ἐπιβήμεναι
1077 3035 1184 3122 εὐνής·

262 3178 353 3248 τοῖος
377 3166 440 3260 γάρ
462 3171 598 3261 κραδίην
622 3164 735 3247 πόθος
756 3172 868 3236 αἴνυτο
889 3171 1029 3255 ποιμένα
1053 3169 1151 3236 λαῶν.

263 3294 306 3378 ὡς
332 3293 365 3362 δ’
400 3292 445 3364 ὅτ’
475 3292 558 3386 ἀνήρ
585 3290 758 3364 ἀσπαστόν
778 3291 1011 3391 ὑπεκπροφύγῃ
1041 3292 1205 3378 κακότητα

256 3423 384 3496 Ινούσου
405 3421 456 3493 ὑπ’
485 3421 645 3517 ἀργαλέης
667 3421 690 3508 ἢ
715 3432 770 3492 καὶ
795 3427 954 3515 κρατεροῦ
974 3422 1037 3492 ύπό
1061 3428 1198 3512 δεσμοῦ·

264 3552 307 3637 δίς
332 3553 377 3648 ῥα
399 3550 465 3622 τότ’
490 3549 716 3646 Ἀμφιτρύων,
751 3552 894 3642 χαλεπόν
915 3549 1017 3621 πόνον
1039 3530 1282 3638 ἐκτολυπεύσας,

206 3711 241 3763 45
264 3679 435 3762 ἀσπασίως
460 3708 494 3748 τε
517 3684 619 3773 φίλως
644 3707 680 3748 τε
700 3678 755 3747 ε’όν
776 3676 881 3766 δόμον
906 3677 1117 3771 είςαφίιιανεν.

262 3804 439 3895 παννύχιος
465 3809 486 3871 δ
491 3802 498 3823 '
528 3803 576 3897 ἀρ’
605 3807 713 3873 ἔλεκτο
741 3802 801 3871 σύν
826 3807 934 3899 αἰδοίη
961 3814 1146 3895 παρακοίτι,

262 3926 460 4020 τερπόμενος
484 3928 616 4020 δώροισι
639 3924 842 4016 πολυχρύσου
865 3925 1074 4021 Ἀφροδίτης.

262 4051 345 4140 ήδὲ
367 4060 441 4147 θεῷ
467 4060 635 4144 δμηθεῖσα
657 4064 712 4125 καὶ
738 4053 826 4145 ἀνέρι
850 4055 974 4126 πολλόν
999 4055 1131 4152 ἀρίστῳ,

267 4182 361 4280 Θήβη
387 4188 420 4251 ἐν
447 4182 615 4275 ἑπταπύλῳ
641 4179 815 4272 διδυμάονε
837 4187 965 4271 γείνατο
988 4191 1091 4265 παῖδε,

210 4341 244 4396 5⁰
268 4306 377 4383 oiziffl
406 4306 474 4396 ὁμά
498 4315 674 4401 φρονέοντε
695 4349 746 4359 -
771 4306 950 4397 κασιγνήτω
975 4340 1011 4398 γε
1034 4320 1094 4400 μέν
1120 4307 1224 4397 ήστην
1249 4357 1299 4370 -

268 4442 327 4514 τόν
348 4448 406 4529 μὲν
425 4434 624 4529 χειρότερον,
658 4436 718 4506 τὸν
742 4435 773 4503 δ’
803 4428 844 4504 αίι
869 4435 936 4527 μέγ’
961 4436 1117 4528 ἀμείνονα
1141 4445 1246 4534 φῶτα,
