3044 5264
234 377 238 394 '
329 398 410 479 aaa
599 400 880 487 aerumans
911 403 1137 483 cuncus,

326 611 474 709 scripsit
498 611 536 682 in
559 602 668 683 Scuto
689 603 865 700 Achillis,
901 620 1009 706 atque
1034 608 1147 681 nostri
1180 618 1304 706 poetae
1336 611 1416 681 irni-

329 716 466 788 tatione
491 738 679 809 expressus
712 722 780 782 ost.
830 711 939 807 Apud
962 712 1158 783 Homerum
1194 708 1305 810 igitur
1330 711 1416 784 dum

329 826 439 889 noctu
465 814 603 885 facibus
630 810 880 885 comitantibus
917 815 1074 910 virgines
1100 812 1326 884 deducuntur
1352 841 1418 910 per

328 916 456 991 urbem
496 917 584 989 »ἀνὰ
618 917 747 1000 dccv«,
797 915 1009 986 exoriuntur
1054 927 1180 985 cantus
1215 914 1414 1011 nuptiales,

330 1021 477 1093 iuvenes
503 1017 651 1089 saltant:
691 1015 834 1088 auditur
859 1017 952 1087 inter
975 1041 1036 1088 eos
1062 1014 1227 1086 tibiarum
1248 1029 1284 1087 et
1303 1016 1417 1089 citha·

325 1141 449 1195 larum
474 1143 607 1212 sonus,
653 1116 820 1192 mulieres
845 1129 962 1189 autem
998 1128 1081 1188 ante
1108 1117 1204 1188 sorus
1237 1117 1418 1191 adstantes

329 1224 449 1295 omnia
473 1220 705 1291 admirantur.
759 1218 998 1317 Cogitandum
1031 1220 1142 1313 igitur
1174 1219 1218 1291 de
1245 1223 1333 1292 urbe
1368 1223 1419 1291 ln·
1473 1283 1475 1288 .

330 1326 377 1395 tis
400 1322 526 1419 plateis
547 1321 744 1412 aedificata,
772 1320 895 1418 quales
915 1316 1026 1396 luisse
1044 1322 1304 1417 antiquissimis
1329 1334 1419 1393 tem·

329 1423 479 1523 poribus
513 1422 701 1520 plerasque
728 1449 851 1495 omncs
878 1449 923 1494 ex
949 1422 1104 1519 epitheto
1136 1420 1199 1494 illo
1222 1425 1420 1495 ,notissimo

331 1537 369 1598 et
391 1526 597 1619 saepissime
623 1525 774 1620 repetito
797 1526 918 1620 colligi
951 1535 1082 1620 potest.
1137 1524 1180 1594 lu
1206 1523 1264 1595 bis
1289 1524 1419 1621 plateis

330 1652 388 1698 res
421 1625 610 1725 agebatur,
657 1625 765 1723 idque
801 1624 847 1695 ab
879 1622 1186 1717 adolescentibus3
1225 1626 1419 1698 mulierum

331 1725 432 1801 nulla
458 1730 610 1818 mentio,
658 1728 728 1799 nisi
754 1726 1070 1822 contemplantium
1098 1727 1217 1798 omnia
1245 1740 1281 1799 ct
1305 1727 1420 1798 admi·

329 1832 500 1902 nantium.
555 1829 607 1901 lta
642 1855 742 1902 error
768 1827 942 1899 Odolrcdi
971 1829 1138 1900 Muelleri
1173 1832 1416 1928 cognoscitur.

331 1933 559 2030 Hymenaeus
592 1934 688 2002 anim
720 1932 795 2001 sive
828 1929 998 2026 nuptialis
1034 1932 1174 2020 cantio,
1223 1957 1313 2028 quae
1349 1929 1418 2002 hac

330 2035 370 2106 in
395 2058 434 2105 re
466 2043 782 2121 commemoratur,
830 2058 904 2103 nun
938 2032 1029 2103 lacta
1062 2042 1116 2103 est
1151 2043 1233 2103 ante
1273 2032 1417 2102 domum

330 2134 474 2231 sponsi,
513 2131 575 2204 scd
602 2135 639 2203 in
666 2136 737 2202 via.
792 2128 895 2202 Talia
923 2134 1016 2202 enim
1041 2159 1113 2203 non
1136 2132 1328 2205 debentcx
1353 2159 1439 2230 por

329 2232 541 2306 sterioribus
575 2232 809 2330 scriptoribus
852 2232 1041 2329 explicari,
1093 2234 1157 2305 scd
1191 2235 1416 2330 simpliciter,

330 2346 372 2407 ut
393 2334 487 2405 dictu
522 2345 607 2405 sunt
637 2334 682 2405 ab
705 2335 883 2423 Homero,
921 2334 1114 2432 intelligi,
1138 2347 1178 2407 ut
1202 2336 1418 2433 populorum

329 2437 559 2533 antiquorum
586 2462 701 2508 mores
727 2447 763 2507 et
786 2435 1080 2507 consuetudinem
1102 2462 1372 2535 cognoscamus.

426 2536 560 2608 Noster
582 2550 684 2634 poeta
718 2537 864 2610 eandem
894 2563 969 2610 rem
1002 2537 1166 2634 pluribus
1194 2538 1355 2611 versibus
1382 2550 1418 2610 ot

328 2640 545 2711 accuratiore
565 2639 802 2735 descriptione
825 2641 1024 2711 exornavit.
1079 2639 1204 2737 ltaque
1229 2653 1417 2736 postquam

327 2742 444 2836 ipsam
469 2741 594 2812 urbem
627 2744 749 2837 paucis
779 2738 992 2832 delineavit,
1030 2741 1163 2813 incolas
1197 2744 1274 2813 eius
1311 2745 1419 2834 (πόλις

327 2843 472 2939 ἀνδρῶν,
506 2841 635 2941 ἄνδρες)
657 2845 708 2913 ait
731 2841 870 2914 deditos
897 2842 1008 2915 l'uisse
1027 2842 1196 2914 hilaritati
1221 2854 1257 2915 et
1278 2843 1418 2914 cborcis

327 2943 436 3040 idque
459 2944 637 3040 quomodo
663 2944 813 3016 fecerint
839 2956 993 3016 enarrat.
1036 2945 1136 3016 Alios
1159 2946 1253 3015 enim
1280 2946 1329 3015 ait
1351 2946 1420 3035 (rol

235 3047 237 3057 '
325 3053 386 3140 pu
411 3048 492 3143 γὰρ)
520 3047 555 3115 iu
583 3071 691 3117 curru
717 3045 905 3117 advirum
933 3046 1077 3116 duxisse
1101 3071 1266 3141 sponsam
1294 3058 1328 3117 et
1354 3045 1414 3143 hy·

326 3171 513 3216 monacum
540 3148 726 3218 cecinisse.
787 3146 885 3218 Haec
917 3172 1064 3243 prorsus
1099 3146 1317 3243 respondent
1343 3148 1418 3217 Ho-

325 3246 490 3336 mericis,
536 3249 606 3316 nisi
630 3246 727 3345 quod
752 3272 880 3319 currus
907 3260 1224 3340 commemoratur,
1272 3247 1317 3319 ab
1344 3249 1418 3317 Ho-

326 3371 425 3418 mero
457 3350 742 3442 praetermissus.
823 3351 931 3422 Faces
964 3376 1069 3441 vcro,
1116 3377 1205 3447 quas
1240 3350 1419 3421 Homerus

326 3446 438 3519 verbo
467 3451 654 3546 attigerat,
692 3460 848 3545 portatas
877 3476 953 3524 esse
979 3453 1029 3522 ait
1050 3450 1096 3521 ab
1127 3451 1288 3538 ancillis,
1327 3451 1419 3521 lusto

327 3560 455 3621 ornatu
482 3550 779 3645 procedentibus,
827 3554 876 3623 ita
906 3552 1001 3624 enim
1029 3551 1133 3623 libris
1162 3578 1275 3649 paene
1303 3553 1423 3647 omui·v

324 3646 396 3720 bus
439 3651 744 3724 consentientibus
785 3679 859 3725 rem
905 3653 1113 3751 capiendam
1154 3679 1231 3725 esse
1272 3678 1417 3725 censeo.

325 3749 404 3821 Has
439 3751 589 3825 l'eminas
630 3752 856 3850 excipiebant
897 3754 997 3826 ebori
1033 3754 1219 3845 ludentes,
1276 3755 1420 3853 quiex

325 3854 448 3948 pueris
484 3866 519 3924 et
559 3853 844 3926 adolescentibus
886 3855 1116 3945 constabant,
1167 3882 1318 3953 quorum
1365 3853 1420 3924 illi

325 3951 372 4022 ad
398 3979 545 4026 canoras
582 3955 720 4027 listulas
756 3956 952 4048 canebant,
1000 3955 1038 4027 bi
1074 3960 1120 4029 ad
1155 3957 1309 4029 citharas
1335 3953 1419 4026 cbo·
1505 4043 1508 4047 ‚

324 4078 403 4123 reas
431 4053 621 4138 ducebant.
687 4060 802 4132 cinctui
833 4059 987 4152 στόματα
1024 4058 1068 4129 de
1103 4060 1224 4156 pueris
1251 4057 1320 4127 dici
1357 4081 1421 4151 po·

229 4187 235 4193 ·
324 4154 463 4242 tuisse,
500 4169 554 4227 cst
577 4173 737 4254 apertum
749 4186 760 4252 3
807 4185 924 4256 neque
952 4162 1063 4257 igitur
1088 4187 1169 4232 cum
1197 4158 1421 4253 Goettlingio

324 4251 369 4323 de
385 4253 508 4324 oribus
531 4270 605 4330 arte
622 4260 724 4332 factis
747 4260 976 4357 cogitandum
996 4271 1063 4350 cst,
1087 4288 1201 4359 neque
1225 4287 1306 4331 cum
1328 4258 1421 4328 ller-

323 4379 455 4426 manno
483 4382 539 4440 ros
565 4360 798 4451 invertenda,
847 4373 888 4431 ut
914 4365 1072 4460 uirgines
1097 4364 1142 4433 ad
1176 4359 1314 4432 listulas
1337 4385 1421 4428 can·

324 4465 436 4545 mssa,
480 4457 628 4533 iuvenes
655 4475 778 4535 contra
804 4462 849 4534 ad
881 4462 1034 4535 citharas
1061 4463 1209 4538 saltasse
1240 4461 1420 4533 dicantur.
