3044 5264
376 407 654 488 aerumans
688 381 914 486 auricus
1108 399 1188 478 ara

109 616 344 715 ἐπικυρτδωντο
359 611 409 687 V·
462 613 697 712 ἐπικυρτώοντε
716 611 733 681 l
743 613 821 682 Mm
849 611 880 681 li
896 636 915 681 a
935 635 1007 684 sec·
1026 636 1075 681 m.
1093 611 1184 709 Bog.

110 721 327 814 ἐπικυρτώοντε
362 714 444 787 Ald·
485 715 541 785 lu.
568 711 605 784 1.
643 714 724 783 Bas·
798 713 1025 808 dntuvptdoera
1057 712 1185 787 Krebs.

109 819 164 888 Ex
188 820 296 889 variis
320 815 492 888 librorum
519 812 698 887 erroribus
722 824 841 909 patet,
882 825 922 883 ut
945 816 983 883 iu
1019 839 1074 887 vs.
1095 810 1186 905 175,

108 922 157 990 ita
193 920 229 989 in
265 917 333 989 hoe
365 943 507 1014 quoque
543 915 587 986 ab
624 915 704 989 aliis
739 915 985 1011 participium,
1031 914 1076 985 ab
1108 914 1189 986 aliis

108 1018 255 1093 verbum
294 1018 454 1108 linitum,
516 1047 551 1091 τε
585 1014 754 1113 particula
787 1015 943 1104 adiecta,
993 1015 1188 1111 praelatum
1284 1072 1287 1077 .

109 1147 209 1213 esse,
263 1132 304 1190 ut
339 1123 422 1190 Bas.
462 1120 637 1214 interpres
680 1127 740 1189 »et
778 1115 986 1189 attollebant
1020 1119 1186 1212 eapitur:

111 1223 340 1318 Participium
368 1231 483 1290 autem
510 1218 733 1291 retinendum
761 1228 827 1289 est.

208 1319 300 1392 255.
354 1326 524 1415 λίχμαζον]
563 1331 724 1415 λίχμασον
760 1318 905 1390 Lemma
940 1327 1028 1390 vett.
1057 1316 1185 1390 sclroll.

109 1448 215 1519 supra
242 1419 350 1519 p.55
376 1422 528 1493 BCDS
562 1420 648 1491 Ald.
684 1423 741 1491 lu.
764 1416 862 1489 1.2.
894 1419 1020 1490 Triuc.
1060 1418 1191 1518 (λίχμαο

109 1527 170 1602 σόν
192 1525 223 1596 δ’
251 1522 337 1593 Α1ι1.
366 1525 450 1593 Bas.
470 1518 526 1622 l.)
579 1521 621 1592 ln
648 1526 679 1591 Α
703 1529 876 1617 λίχμασον,
906 1518 1016 1591 altero
1041 1554 1063 1599 σ
1087 1521 1190 1591 alteri

109 1626 363 1720 superscripto.
415 1630 574 1717 λίκμασον
601 1625 628 1693 F
639 1623 719 1692 llll.
773 1629 954 1714 λίκμασσον
972 1621 1021 1692 Ν.
1090 1624 1192 1692 luter

110 1726 262 1797 editores
286 1733 441 1818 λίχμαζον
465 1726 600 1819 primus
626 1736 719 1794 reete
738 1725 826 1818 Bog.
849 1720 1043 1817 posthunc
1061 1721 1187 1817 Steph.

109 1839 144 1897 et
162 1827 306 1923 reliqui.
362 1824 404 1894 ln
423 1823 516 1920 Fgl.
547 1832 691 1919 »ἔλαχον
712 1834 746 1897 δὲ
764 1825 922 1912 ἀλλήλους
941 1820 1058 1897 orirer«
1086 1847 1188 1917 supr.

107 1952 146 2022 p.
159 1922 224 1996 56.
258 1926 381 1996 Guiet·
410 1938 531 1997 contra
564 1927 670 2018 »νώμα
694 1949 738 1995 an
769 1924 850 1993 eas'l
903 1921 1091 2020 Gorgones
1122 1924 1190 1992 sei·

109 2028 213 2118 lieet,
262 2026 342 2097 illas
375 2025 462 2096 duas
488 2025 656 2097 Medusae
688 2049 840 2095 sorores.
894 2027 938 2097 το)
964 2024 1100 2119 μορμόνα
1124 2024 1190 2093 At·

21 2170 22 2173 ¹
111 2131 199 2217 tiee,
238 2139 279 2197 ut
302 2130 347 2200 τώ
379 2139 481 2222 χεῖρε,
515 2131 561 2203 vai
582 2129 705 2219 σημαία
768 2125 885 2195 Maris
919 2128 1023 2195 etiam
1060 2124 1192 2195 erravit

111 2227 358 2318 Levezowius,
406 2226 730 2326 Geryonen-ldeal
766 2252 805 2322 p.
825 2185 896 2316 l7,
951 2224 1035 2295 dum
1078 2225 1110 2295 l.
1139 2225 1187 2295 ll.

61 2348 66 2359 ·
110 2330 231 2399 Vossii
279 2330 604 2423 interpretationem
648 2331 696 2399 ita
735 2327 910 2423 explieat:
966 2326 1084 2399 »Jerre
1118 2327 1193 2424 (die

113 2428 316 2528 Geryonen)
355 2430 533 2528 adapeltea
564 2431 701 2500 Beide«
750 2440 786 2498 et
823 2427 919 2499 hune
961 2453 1102 2498 versum
1144 2423 1190 2496 ad

110 2529 298 2627 Gorgonas
337 2532 464 2619 traxit,
519 2529 658 2626 vulgari
700 2529 837 2598 ratione
878 2527 1069 2624 deeeptus,
1118 2551 1189 2625 qua

111 2632 300 2726 Gorgones
334 2630 436 2724 pingi
467 2631 597 2701 solent.
629 2672 681 2684 -
756 2631 954 2727 ἐχάρασσον]
1000 2628 1042 2697 1ο
1078 2626 1190 2724 gl.B
1282 2723 1285 2726 ι

110 2764 122 2793 ι
133 2731 320 2824 χάρασσον·
359 2739 585 2827 σονὲκροοον.«
636 2729 790 2825 Scripsit
819 2730 930 2826 igitur
956 2736 990 2802 δὲ
1011 2734 1192 2829 χάρασσον.

110 2831 161 2926 gl.
191 2829 237 2901 G·
266 2830 430 2928 ἐκρότουν.

208 2926 302 2999 256.
357 2939 559 3029 διρκομὲνω]
599 2939 777 3029 δερκομένῳ
823 2931 916 3026 Bag.
959 2929 1187 3003 Winterton.

109 3032 241 3103 Loesn·
255 3077 306 3091 -
356 3040 407 3104 ἐπὶ
429 3041 464 3105 δὲ
489 3039 619 3105 δεινοῖσι
639 3032 808 3130 καρήνοις]
835 3032 930 3101 lllnc
951 3056 1078 3100 novam
1092 3031 1208 3120 ¹scuti¹

108 3135 298 3229 imaginem
322 3128 476 3201 exordiri
499 3145 653 3227 poetam,
681 3130 968 3230 Selrlielrtegroll.
992 3129 1064 3201 1.1.
1086 3127 1192 3227 plll)

107 3230 361 3320 lleinrielrius,
396 3231 659 3330 Goettlingius,
697 3233 868 3324 Vossius,
907 3231 1067 3303 Wollius
1094 3258 1191 3303 sum·
1222 3266 1224 3279 ·

108 3343 276 3430 pserunt,
318 3357 469 3429 quorum
491 3333 724 3405 Heioriehius
751 3335 838 3404 mire
865 3329 1084 3405 adas-147
1108 3326 1190 3428 pro·

107 3444 230 3522 voeat,
264 3433 329 3527 qui
353 3432 451 3505 nulla
477 3436 613 3505 ratione
645 3433 716 3505 lrue
744 3434 837 3505 trahi
867 3445 996 3530 potest.
1075 3432 1192 3506 Aliter

108 3533 222 3604 schol.
259 3536 449 3630 antiquae,
495 3537 525 3605 si
560 3545 655 3606 reete
689 3535 852 3631 equidem
888 3535 932 3605 de
959 3533 1191 3632 Gorgonibus

108 3632 268 3704 intellexi
294 3634 399 3706 verba
432 3638 509 3707 eius
544 3637 752 3733 ιόμιὸτριχες
781 3638 846 3733 γάρ
871 3640 975 3710 einer«
1009 3660 1111 3730 supr·
1148 3660 1188 3731 p.

107 3731 199 3825 δᾶ,
232 3761 323 3831 quae
347 3736 391 3805 ad
417 3740 635 3832 superiorem
662 3739 851 3833 imaginem
874 3736 970 3808 lurne
991 3734 1107 3806 locum
1134 3761 1190 3806 re·
1310 3737 1312 3741 ’

107 3845 248 3906 vocant.
301 3835 416 3907 Aliter
440 3840 543 3909 etiam
571 3838 599 3908 l.
631 3862 730 3933 supr.
764 3833 883 3932 p-lili.
936 3839 1036 3914 ιἘκὶ
1059 3846 1093 3910 δέ
1118 3848 1191 3923 ταῖς

107 3946 378 4023 καταπληκτικαῖς
401 3949 561 4035 κεφαλαῖς
586 3949 650 4013 τῶν
664 3940 840 4034 Γοργόνων
864 3943 1063 4034 ἐταράσσετο
1087 3950 1190 4032 μέγας

108 4038 228 4133 φόβος.
273 4039 388 4112 ’Ἁλλοι
414 4048 448 4112 δὲ
475 4042 614 4136 ἄνδρεςι
637 4052 720 4109 eett.
773 4040 842 4109 His
873 4039 1107 4134 adstipulatus
1140 4039 1187 4109 0.

108 4137 274 4209 Mueller.
302 4137 328 4209 Ι.
358 4139 383 4209 l·
427 4151 536 4211 recte.
602 4141 716 4210 Antea
754 4141 822 4210 iarn
858 4139 1036 4211 Wintert.
1116 4141 1191 4211 Ter

108 4236 229 4308 eadem
269 4242 529 4336 praepositione
575 4267 661 4314 usus
696 4253 798 4337 poeta
836 4239 976 4338 singula
1010 4243 1185 4314 annectita

107 4346 159 4413 ἐπὶ
183 4348 216 4412 δὲ
236 4351 363 4438 χλωροῦ
382 4344 588 4432 ἀδάμαντος,
618 4351 669 4418 ἐπὶ
696 4350 730 4415 δὲ
755 4342 883 4444 ζωνῂσι,
919 4352 969 4422 art
993 4352 1026 4418 δέ
1053 4354 1190 4418 δεινοῖσι

106 4441 271 4538 καρήνοις.
329 4443 467 4516 Deinde
502 4442 798 4541 quemadmodum
823 4470 875 4515 vs.
894 4440 974 4514 229
1007 4471 1027 4515 a
1058 4446 1189 4517 Perseo
