3044 5264
526 336 994 493 ammanvnmrouns.
1250 372 1296 447 rr

222 586 404 659 doctorum
430 581 581 658 eandem
607 583 763 657 laborem
788 583 1038 658 aemulantium
1067 587 1199 662 indicte
1223 615 1299 663 eer-

221 691 374 776 taurina,
416 714 462 759 ne
493 689 532 758 in
560 689 700 782 incepto
731 712 995 783 permanerem,
1038 711 1151 787 prope
1182 689 1298 764 deter-

221 799 383 861 ruerunt.
447 789 540 860 Nam
571 798 612 859 ut
635 786 719 858 libri
755 788 999 885 antiquitatis,
1048 792 1153 883 boni,
1197 793 1296 883 maii,

220 887 373 962 subinde
397 888 570 986 prodeant
593 887 867 980 emendatioies‚
895 888 933 960 id
952 889 1144 985 plurimum
1164 892 1296 986 resert3

219 990 312 1062 rriirii
335 990 465 1080 refert,
504 1001 645 1087 perte,
682 1014 727 1061 an
754 987 843 1061 aiios
868 1016 927 1063 res
951 990 1026 1062 fiat.
1078 991 1204 1093 Neque
1231 1019 1299 1091 ego

219 1090 308 1164 iraec
343 1093 484 1178 scriiio‚
530 1102 569 1161 ut
604 1116 699 1162 nune
733 1089 873 1163 demum
908 1117 1017 1166 novae
1043 1093 1192 1166 Hesiodi
1223 1093 1298 1166 edi·

219 1195 310 1266 tioni
335 1190 557 1291 praeludam:
601 1190 694 1264 iilud
719 1190 834 1263 solnm
868 1192 956 1264 milri
983 1196 1203 1291 propositum
1228 1204 1298 1284 est,

219 1306 261 1365 ut
282 1296 320 1367 in
345 1302 467 1365 scuto
490 1292 697 1364 Herculis
723 1304 900 1393 tamquam
922 1291 1051 1366 illustri
1076 1295 1197 1394 aliquo
1219 1321 1299 1392 spe·

219 1396 348 1467 cimine
381 1392 426 1465 nd
463 1395 779 1465 vetustissimarum
816 1397 960 1467 Homeri
1003 1398 1156 1493 partium
1200 1398 1299 1496 iegcs

218 1493 394 1593 exigendo
420 1494 623 1584 ostendam,
659 1507 832 1593 quantum
858 1521 1050 1592 paucorum
1075 1499 1299 1570 saeculorum

213 1597 371 1668 decursu
416 1592 461 1666 ab
492 1598 640 1694 antiquo
683 1598 805 1694 vigore
847 1621 912 1668 sno
934 1597 1122 1689 ¹deiecerit
1152 1590 1300 1673 ireroicu
1351 1598 1356 1617 ¹

218 1699 357 1794 poesis,
403 1693 516 1769 donee
553 1720 594 1767 eu
630 1695 697 1767 sub
733 1705 848 1769 ortum
883 1699 1062 1796 legitimae
1105 1724 1232 1796 prosae
1260 1698 1300 1769 in

218 1799 444 1869 inanissimas
491 1798 641 1869 tinnitus
685 1796 773 1870 abiit
813 1823 937 1869 vocum
978 1809 1015 1873 ct
1050 1801 1299 1898 loquutionum

218 1901 412 1995 epicurum.
465 1897 592 1969 Statim
614 1898 673 1969 iric
699 1901 869 1996 eloquor,
910 1900 997 1996 quid
1022 1902 1108 1976 mihi
1134 1902 1241 1971 veiim
1264 1911 1301 1972 et
1413 1911 1419 1922 '

218 2002 276 2071 cui
310 2000 416 2070 aetati
449 2025 590 2072 carmen
622 1999 876 2098 assignandum
911 2000 1089 2093 arbitrer,
1136 2026 1182 2074 ne
1217 2003 1299 2099 quis

219 2099 345 2171 deinde
372 2101 521 2171 miretur
542 2126 686 2193 eorum,
724 2103 787 2199 qni
814 2101 1007 2173 Homerum
1039 2113 1077 2174 ct
1102 2102 1298 2174 Hesiodum

217 2199 333 2273 adhue
359 2200 454 2273 domi
477 2201 635 2300 integros
659 2213 817 2274 servant.
881 2202 928 2272 Et
951 2203 1008 2274 iris
1035 2201 1180 2300 quidem
1206 2201 1299 2276 nihil

216 2327 273 2374 nre
307 2303 496 2399 allaturum
528 2329 652 2399 spero,
701 2301 797 2401 quod
829 2314 965 2399 veteres
1003 2304 1100 2374 avius
1134 2304 1222 2401 ipsis
1254 2299 1299 2374 de

216 2405 575 2499 pulmoue'reveiiat5
623 2416 730 2477 erunt
755 2415 898 2494 contro,
937 2404 1068 2502 quibus
1093 2422 1218 2500 parum
1243 2403 1297 2475 ai·

217 2503 327 2575 ieram
358 2506 461 2595 novi,
507 2505 603 2603 quod
636 2531 706 2576 non
739 2504 871 2575 dudum
898 2531 917 2575 a
955 2505 1027 2578 ios.
1054 2504 1236 2602 Sesligero
1261 2512 1298 2575 et

217 2606 309 2680 Tan.
340 2604 500 2700 rebrat)
527 2619 562 2678 et
590 2605 788 2677 minoribus
819 2604 954 2678 discere
984 2607 1184 2703 potuerint:
1233 2602 1298 2676 sed

217 2718 429 2802 supererunt
465 2708 614 2779 sortasse
653 2707 761 2779 medii
796 2705 939 2805 quidam
977 2709 1158 2805 animique
1197 2703 1298 2777 dubii
1352 2762 1354 2766 Α

217 2809 385 2899 lectores,
425 2811 555 2905 quiex
580 2811 646 2897 iis,
684 2833 774 2905 quae
800 2808 966 2899 aileram,
1001 2809 1152 2896 meiius,
1190 2830 1297 2903 qnam

216 2933 261 2978 cx
286 2909 395 2981 aridis
416 2913 614 3005 praeceptis
640 2908 683 2980 de
709 2907 778 2978 hoc
802 2932 934 3004 genere
960 2907 1115 2979 indicare
1142 2905 1294 2993 discent,

216 3035 281 3080 nec
317 3008 361 3081 de
388 3009 574 3102 Hesiodeis
608 3011 749 3101 solnm,
802 3006 866 3079 sed
898 3011 1003 3079 etiam
1035 3008 1080 3080 de
1106 3005 1227 3079 iliadis
1261 3016 1297 3077 et

217 3109 397 3209 Odysseae
425 3111 705 3184 ‘diasceuasticis
750 3107 910 3206 partibus
949 3112 1103 3208 totisque
1148 3106 1295 3206 rhapso-

283 3342 311 3407 2)
330 3341 472 3411 Scaligeri
492 3340 624 3396 iudicium
647 3357 685 3395 ex
704 3340 796 3410 Epist.
814 3340 848 3393 nd
867 3338 985 3395 Salmas.
1009 3358 1035 3395 n.
1054 3341 1104 3397 atr
1129 3340 1183 3395 iarn
1200 3339 1244 3394 lo.
1261 3339 1294 3394 Α.

214 3411 368 3466 Fabricius
392 3413 492 3468 attulit
514 3412 549 3465 B.
568 3410 603 3465 G.
629 3408 656 3475 1,
676 3429 703 3492 p.
715 3412 765 3464 ³75
788 3413 832 3464 ed.
859 3409 964 3463 noviss.
989 3427 1015 3478 p.
1030 3413 1095 3475 577,
1130 3410 1205 3464 nihil
1231 3409 1296 3480 ipsc

214 3481 381 3535 decernens.
430 3481 523 3536 Nobis
541 3496 606 3534 mox
624 3479 659 3533 sd
678 3477 752 3533 riiud
771 3481 827 3532 crit
845 3479 1027 3532 redeundum.
1080 3479 1117 3534 At
1140 3480 1222 3548 lapsu
1244 3478 1296 3531 ‹ie-

215 3551 370 3605 scribentis
388 3552 487 3605 criemi
506 3551 592 3604 verba
610 3549 698 3602 Fabri
717 3550 864 3619 pervertit
899 3548 949 3602 Sic
967 3547 1040 3601 enim
1059 3546 1167 3617 iegitur
1181 3540 1213 3601 'in
1232 3547 1295 3599 iou-

214 3619 287 3673 datis
310 3620 374 3673 eius
392 3621 477 3675 Notis
500 3622 535 3674 ad
553 3620 688 3688 Apollod.
715 3635 742 3689 p.
761 3620 821 3673 rut.
875 3617 952 3673 »Qui
971 3615 1093 3670 Hesiodi
1117 3632 1181 3671 esse
1199 3624 1297 3684 purant

214 3688 261 3756 rip
275 3689 398 3750 Ἀσπίδα,
416 3708 467 3745 nae
484 3689 531 3743 iiii
553 3687 653 3759 poesin
664 3687 800 3747 Graecam
819 3687 890 3741 haud
910 3685 980 3740 satis
995 3696 1121 3740 norunt«
1143 3683 1297 3738 'Scribere

214 3759 306 3811 voluit
324 3760 563 3833 antiquiorem
589 3750 733 3827 poelli,
755 3757 806 3817 aad
824 3757 945 3825 scripsit
963 3770 1043 3809 esse
1062 3764 1199 3822 putant:
1227 3768 1294 3806 con·

216 3839 257 3881 tra
276 3825 425 3907 Fabrig'us
453 3845 517 3882 non
547 3843 633 3880 esse.
670 3820 848 3894 '‘Negrtinne
873 3824 968 3878 ndditc
991 3824 1077 3877 alium
1099 3820 1295 3890 cognoscimus

214 3895 337 3949 Fabrurn
354 3912 379 3952 ι.
395 3899 478 3960 1661,
503 3912 560 3963 quo
577 3892 754 3949 Notrsrillrr
772 3892 880 3958 edidit,
907 3894 993 3946 aliurn
1011 3910 1037 3948 ιι.
1053 3893 1134 3955 1664,
1152 3906 1209 3959 quo
1227 3890 1294 3943 bre·

213 3979 263 4018 res
283 3965 368 4019 Vitas
387 3979 531 4036 poetarum
549 3960 859 4036 (irnm‘fflliies
875 3961 1003 4032 scripsit.
1040 3962 1086 4015 ibi
1105 3961 1149 4015 sic
1166 3970 1210 4014 est
1228 3976 1257 4040 P:
1266 3960 1294 4020 9,

213 4033 258 4086 cd.
277 4034 380 4088 noriss-
402 4053 429 4104 p.
442 4037 484 4091 18.
541 4034 603 4088 ιθιι
623 4040 724 4091 trouve
739 4047 847 4089 encore
864 4047 901 4085 uu
917 4046 999 4086 essen
1022 4031 1111 4098 grand
1133 4043 1232 4098 poene
1249 4043 1295 4079 ιιι-

213 4102 300 4156 tituil
323 4104 357 4156 ie
375 4104 568 4168 conciter,
583 4162 585 4167 ,
598 4104 654 4179 qqe
674 4103 693 4158 i’
710 4101 811 4163 curiit
825 4100 907 4154 avoir
925 4103 987 4154 este
1006 4099 1059 4155 init
1081 4115 1132 4170 prr
1149 4097 1293 4151 Hesiodo:

212 4170 283 4224 mnis
310 4184 358 4227 cet
383 4189 509 4240 ouvrage
532 4178 605 4227 n'cst
631 4186 681 4241 pas
705 4171 751 4235 de,
767 4170 820 4241 luy
845 4180 875 4224 et
890 4171 922 4237 je
939 4185 976 4223 ne
992 4167 1038 4223 dis
1057 4169 1119 4224 rien
1137 4169 1167 4221 rt
1183 4169 1294 4230 densus,

212 4255 269 4306 que
293 4240 336 4294 ies
355 4242 421 4314 pius
439 4241 492 4297 tius
512 4243 548 4296 de
571 4240 591 4293 l'
608 4240 758 4315 Antiquitt
781 4243 824 4299 e'a
847 4252 894 4295 snt
917 4237 1155 4293 maureconem«
1210 4233 1294 4289 (icte-

188 4352 191 4357 .
213 4324 275 4362 ran
299 4308 345 4363 tris
368 4311 477 4365 duobus
494 4309 653 4371 Fabricius,
672 4308 805 4365 adiunxit
844 4325 871 4362 ο.
887 4306 925 4381 ,G-
942 4304 1093 4372 vossium,
1120 4307 1206 4372 longe
1228 4316 1294 4357 cru·

212 4375 380 4433 ditissimum
399 4379 507 4444 virum,
534 4379 584 4434 sed
604 4393 686 4447 quern
703 4376 732 4432 in
751 4394 786 4432 eo
803 4393 919 4431 numero
936 4392 993 4432 ror
1011 4385 1220 4450 exspectaram
1243 4383 1293 4427 ue·

211 4461 269 4514 que
286 4449 357 4503 mihi
376 4449 538 4511 huiusmodi
556 4448 704 4518 quicquan
723 4449 754 4506 in
771 4446 835 4502 sius
852 4444 970 4518 scriptis
987 4442 1133 4522 reperte!
1149 4454 1202 4500 est.
