3044 5264
408 366 411 370 ⁷
486 413 768 492 menemus
798 405 1024 490 cerneus.
1223 405 1304 486 aaa

212 622 306 696 Mihi
340 621 453 720 igitur
485 619 724 692 necessarium
749 614 891 690 ridetur
920 618 960 690 iu
997 635 1052 690 vs.
1075 613 1160 688 280
1203 622 1236 694 οἱ
1267 621 1299 703 δ’,

212 753 279 824 pro
307 736 343 799 ai
369 725 399 797 δ’
439 746 520 794 cum
550 720 683 792 Guietu
714 719 892 811 scribere,
936 723 977 791 ut
1009 746 1067 793 res
1089 720 1303 797 Homericae

211 827 275 900 tint
301 823 497 899 simillima.
562 820 635 894 Sed
671 823 824 893 evitatur
857 822 962 893 etiam
998 818 1059 891 illa
1098 821 1302 913 difficultas,

213 929 371 1027 quaein
401 950 443 998 eo
475 924 589 1020 posita
614 933 686 1014 est,
725 920 822 1020 quod
853 933 890 997 at
921 921 1130 1025 simpliciter
1163 924 1304 1024 puellae

211 1027 413 1130 significat,
460 1024 559 1097 nulla
584 1026 652 1096 alia
677 1048 763 1096 voce
788 1023 922 1096 additu.
1337 1013 1340 1027 '

315 1130 413 1200 Haec
435 1129 546 1226 igitur
564 1127 682 1199 omnia
703 1126 797 1200 circa
818 1151 962 1200 currum
981 1125 1176 1223 nuptialem
1192 1119 1300 1222 liunt,

212 1258 233 1304 a
260 1257 315 1302 vs.
341 1227 421 1299 275
436 1264 486 1283 —a
502 1225 598 1300 280.
654 1228 736 1297 Alia
760 1236 876 1299 nutem
903 1253 948 1299 ex
970 1232 1069 1325 purte
1097 1228 1302 1303 adnleseen-

212 1344 268 1407 tes
303 1327 349 1403 ad
381 1329 504 1402 tibiam
540 1340 806 1401 comessantur:
856 1346 1050 1427 eorumque
1090 1329 1222 1428 duplex
1248 1342 1302 1403 est

213 1435 365 1523 chorus,
405 1431 514 1504 altera
541 1442 639 1528 parte
666 1429 870 1501 saltantium
896 1442 932 1502 et
947 1434 1165 1524 canentium,
1190 1425 1302 1504 altera

212 1536 427 1608 ridentium
467 1551 620 1630 quorum
647 1532 800 1629 quisque
835 1557 939 1603 snum
975 1530 1156 1606 tibicinem
1194 1533 1300 1605 habe·

213 1636 296 1727 bnt,
338 1646 374 1708 et
398 1659 441 1707 en
467 1635 556 1706 duce
583 1632 912 1730 progrediebatur..
942 1633 1021 1705 Hac
1045 1636 1083 1704 in
1110 1645 1208 1731 parte
1236 1636 1301 1707 dn⁴

212 1742 298 1837 plex
323 1747 414 1809 esta
436 1734 637 1807 scholiastis
656 1732 894 1805 membrorum
912 1736 1116 1808 coniunctio
1133 1735 1299 1808 admissa.

215 1841 397 1912 Diacnnus
432 1838 528 1908 enim
560 1833 687 1906 babuit
716 1836 774 1910 ὑπ’
809 1835 968 1933 αὐλητῆρι
1002 1835 1035 1910 δ’
1070 1845 1223 1924 ἕκαστος,
1267 1847 1303 1909 ct

213 1939 459 2040 praecedentia
485 1963 567 2011 cum
596 1935 705 2009 verbo
731 1937 877 2032 κώμαζον
907 1938 1044 2009 iunxitz
1084 1947 1142 2014 »ἐκ
1172 1946 1207 2012 δὲ
1241 1945 1303 2013 τοῦ

214 2052 325 2138 ἑτέρον
349 2051 469 2136 μέρους
488 2051 560 2115 νέαι
585 2040 757 2124 αὐλοῦντες
772 2040 930 2137 ἤρχοντο·
963 2049 995 2112 ol
1018 2051 1079 2132 μὲν
1100 2041 1302 2138 ὀρχούμενοι,

214 2156 248 2220 οἱ
274 2153 309 2217 dt
339 2151 508 2230 παίζοντες
537 2152 594 2215 καὶ
627 2147 798 2233 γελῶντες·
833 2149 971 2228 ἕκαστος
1010 2150 1046 2215 δὲ
1078 2143 1140 2215 ὑπ’
1176 2142 1303 2244 αὐλητῇ

215 2257 336 2320 turon«
387 2241 491 2315 Alter
527 2267 611 2314 veru
645 2242 680 2314 δ’
712 2266 785 2313 non
812 2239 954 2334 habuit,
1003 2253 1040 2314 ct
1069 2253 1255 2340 prepterea
1280 2268 1302 2313 a

214 2373 320 2418 versu
346 2341 426 2414 282
456 2370 588 2417 novum
613 2340 809 2414 membrum
836 2368 985 2415 exorsus
1009 2355 1092 2436 est,¹
1109 2344 1178 2417 cb.
1197 2369 1299 2440 supr.

213 2475 251 2545 p.
272 2442 336 2516 59.
393 2442 511 2522 »οὗτοι
550 2459 610 2540 μὲν
643 2446 743 2519 πάλιν
779 2452 947 2532 παίζοντες
983 2445 1048 2519 ὑπὸ
1086 2447 1219 2543 ὀρχήσει
1246 2459 1303 2521 καὶ

213 2555 401 2645 τραγῳδία,
434 2558 491 2621 καὶ
511 2553 665 2640 γελῶντες
689 2545 752 2618 ὑπὸ
775 2552 822 2641 τῷ
841 2546 995 2639 κρούοντι
1019 2549 1079 2619 τὸν
1102 2548 1205 2621 αὐλὸν
1229 2558 1305 2621 ἕκα-

214 2679 293 2733 στος
317 2657 508 2744 ἔμπροσθεν
528 2651 723 2742 ἓπορεύετοο
761 2647 824 2742 qui
850 2644 992 2716 videtur
1029 2647 1113 2721 »ὑπ’
1142 2647 1303 2746 ὀρχηθμῷ

213 2759 271 2824 καὶ
305 2748 400 2849 ἀοιδῇ
432 2746 554 2818 endem
588 2748 723 2818 ratione
759 2771 840 2817 eum
879 2771 966 2818 vnce
999 2756 1184 2836 παίζοντες,
1233 2773 1304 2844 qun

213 2852 271 2924 ὑπ’
300 2849 483 2944 citerior«
520 2873 602 2919 cum
628 2871 714 2918 voce
748 2845 920 2942 γελόωντες
954 2848 1127 2919 iunxisse.
1199 2848 1305 2920 Prior
1398 2868 1401 2876 “

213 2975 298 3023 vero
324 2951 414 3020 ratio
439 2947 672 3047 praeferenda
697 2959 764 3019 est.

315 3063 369 3126 rot
395 3052 454 3151 δ’]
480 3052 564 3127 τάδ’
595 3048 663 3122 CS
695 3060 731 3122 et
753 3060 891 3121 necent.
917 3074 990 3122 nm.
1018 3046 1101 3120 Ald.
1128 3050 1185 3121 ln.
1201 3045 1240 3122 l.
1257 3046 1300 3121 2.

214 3197 266 3209 -
311 3152 415 3249 (num
449 3165 502 3228 rot
534 3162 569 3228 δὲ
600 3150 854 3250 προπάροιθεῖ)
912 3156 1146 3249 προπάροιθε]
1172 3153 1304 3249 προπά·

215 3266 336 3352 ροιθιν
362 3254 446 3325 BC.
475 3298 525 3308 —
591 3259 729 3346 πόληος]
768 3253 884 3339 πόλιος
913 3280 960 3324 m.
1004 3252 1078 3326 ref.
1119 3253 1299 3353 Vcrheylt.

215 3357 261 3427 ad
286 3357 458 3426 Antonin.
493 3382 530 3451 p.
552 3351 656 3425 56⁴«
691 3356 819 3427 Heinr.

315 3454 407 3526 288.
461 3458 577 3556 νῶθ’]
601 3457 677 3531 νῶτ’
707 3457 748 3527 C.
804 3457 921 3527 Huius
946 3456 1044 3527 vocis
1066 3481 1183 3553 neque
1206 3456 1301 3552 apud

215 3556 318 3629 Diac-
362 3573 469 3646 »τινὲς
494 3567 529 3633 δὲ
552 3557 667 3658 (φησι)
694 3566 759 3634 τῶν
782 3566 843 3647 τῆς
868 3563 990 3645 πόλεως
1014 3567 1134 3644 ἐκείνης
1158 3559 1303 3648 ἀναβάν·

214 3691 267 3747 τις
292 3663 411 3747 Ιιἰιπονρ
436 3668 628 3755 ἔμπροσθεν
652 3667 712 3748 τῆς
736 3660 861 3746 πόλιας
885 3670 1037 3755 ἕτριχον<<
1071 3683 1188 3754 neque
1206 3657 1303 3755 apud

214 3759 364 3831 alterum
398 3760 566 3857 parnpbr.
599 3786 699 3856 supr.
733 3781 771 3858 p.
791 3751 843 3828 89
890 3763 1009 3834 »ἄλλοι
1040 3767 1075 3832 δὲ
1105 3759 1206 3833 πάλιν
1233 3768 1302 3833 ἐπι·

213 3862 333 3959 βάντες
352 3864 460 3937 ἵππων
482 3864 599 3959 ὥρμων
619 3873 714 3958 ἔμπρ.
735 3894 766 3937 τ.
788 3863 888 3934 adt«
929 3887 973 3932 nc
1004 3861 1194 3957 vestigium
1221 3861 1300 3957 qui·

214 3961 295 4035 dem
320 3974 446 4036 exstet.
460 4010 517 4043 ,-
567 3963 753 4060 ἐπιβάντες]
778 3963 924 4054 ἐπιβάντ’
953 3962 1020 4032 llll
1033 3989 1080 4031 m.

314 4060 407 4132 287.
461 4061 606 4163 ἤρεικον]
633 4064 790 4135 Zonnrns
817 4063 907 4135 Lex.
931 4058 1072 4160 pede.
1116 4064 1302 4150 »Ἡσίοδος

214 4171 248 4237 ἐν
268 4163 422 4237 Ἀσπίδι·
450 4168 611 4260 διήριικον
632 4165 747 4259 χθόνα
770 4172 867 4240 itan«
905 4163 967 4234 nbi
990 4162 1081 4234 bene
1104 4163 1220 4236 Gnisi.
1248 4165 1301 4235 vi·

215 4261 287 4352 dit,
323 4263 492 4336 delendas
520 4290 598 4337 csse
623 4265 712 4336 duas
738 4266 874 4338 litteras
897 4291 942 4336 ex
962 4266 1102 4340 ’Λσπίὸι
1127 4264 1218 4337 male
1244 4291 1300 4337 re·

212 4366 341 4459 petitas
349 4417 361 4455 ,
397 4366 527 4439 collato
555 4367 672 4466 Etym.
701 4368 754 4437 Μ.
784 4394 821 4464 p.
836 4364 930 4457 456,
946 4361 999 4434 52
1038 4368 1217 4464 >>Ἤρικον,
1243 4398 1301 4456 ση-

210 4477 322 4556 μαίνει
344 4469 382 4541 τὸ
408 4477 496 4566 ἕοχιζ
534 4523 544 4543 .
589 4470 769 4557 Ἡσίοδος·
789 4471 952 4570 Ἤρτικον
972 4468 1086 4563 χθόνα
1106 4479 1202 4544 dian«
1227 4492 1300 4565 ‘1¹¹⁰
