<?xml version="1.0" encoding="UTF-8"?>
<!DOCTYPE html PUBLIC "-//W3C//DTD XHTML 1.0 Transitional//EN"
    "http://www.w3.org/TR/xhtml1/DTD/xhtml1-transitional.dtd">
<html xmlns="http://www.w3.org/1999/xhtml" xml:lang="en" lang="en">
 <head>
  <title>
</title>
<meta http-equiv="Content-Type" content="text/html;charset=utf-8" />
  <meta name='ocr-system' content='tesseract 3.04.00' />
  <meta name='ocr-capabilities' content='ocr_page ocr_carea ocr_par ocr_line ocrx_word'/>
</head>
<body>
  <div class='ocr_page' id='page_1' title='image "./hesiodiquodfert00wolfgoog_0384.png"; bbox 0 0 3044 5264; ppageno 0'>
   <div class='ocr_carea' id='block_1_1' title="bbox 433 411 1381 533">
    <p class='ocr_par' dir='ltr' id='par_1_1' title="bbox 433 411 1381 533">
     <span class='ocr_line' id='line_1_1' title="bbox 433 411 1381 533; baseline -0.006 -21"><span class='ocrx_word' id='word_1_1' title='bbox 433 411 436 415; x_wconf 79' lang='grc'>’</span> <span class='ocrx_word' id='word_1_2' title='bbox 535 437 694 513; x_wconf 78' lang='lat' dir='ltr'><strong>anuas</strong></span> <span class='ocrx_word' id='word_1_3' title='bbox 729 436 969 533; x_wconf 65' lang='lat' dir='ltr'><strong>caumata.</strong></span> <span class='ocrx_word' id='word_1_4' title='bbox 1216 433 1291 507; x_wconf 75' lang='grc' dir='ltr'><strong>οτι</strong></span> <span class='ocrx_word' id='word_1_5' title='bbox 1378 485 1381 490; x_wconf 90' lang='grc'>.</span> 
     </span>
    </p>
   </div>
   <div class='ocr_carea' id='block_1_2' title="bbox 206 637 1461 4574">
    <p class='ocr_par' dir='ltr' id='par_1_2' title="bbox 206 637 1461 3362">
     <span class='ocr_line' id='line_1_2' title="bbox 211 637 1293 739; baseline 0 -25"><span class='ocrx_word' id='word_1_6' title='bbox 211 651 416 731; x_wconf 88' lang='lat' dir='ltr'><strong>morantur,</strong></span> <span class='ocrx_word' id='word_1_7' title='bbox 469 637 601 736; x_wconf 88' lang='lat' dir='ltr'><strong>quibus</strong></span> <span class='ocrx_word' id='word_1_8' title='bbox 633 641 700 712; x_wconf 90' lang='lat' dir='ltr'><strong>hac</strong></span> <span class='ocrx_word' id='word_1_9' title='bbox 738 640 880 739; x_wconf 87' lang='lat' dir='ltr'><strong>quidem</strong></span> <span class='ocrx_word' id='word_1_10' title='bbox 907 643 944 711; x_wconf 92' lang='lat' dir='ltr'><strong>in</strong></span> <span class='ocrx_word' id='word_1_11' title='bbox 972 666 1092 738; x_wconf 85' lang='lat' dir='ltr'><strong>pugna</strong></span> <span class='ocrx_word' id='word_1_12' title='bbox 1118 667 1191 714; x_wconf 93' lang='lat' dir='ltr'><strong>non</strong></span> <span class='ocrx_word' id='word_1_13' title='bbox 1217 655 1293 715; x_wconf 91' lang='lat' dir='ltr'><strong>ute·</strong></span> 
     </span>
     <span class='ocr_line' id='line_1_3' title="bbox 212 739 1291 840; baseline 0.002 -27"><span class='ocrx_word' id='word_1_14' title='bbox 212 748 336 831; x_wconf 87' lang='lat' dir='ltr'><strong>hatur,</strong></span> <span class='ocrx_word' id='word_1_15' title='bbox 388 739 567 837; x_wconf 84' lang='lat' dir='ltr'><strong>simulque</strong></span> <span class='ocrx_word' id='word_1_16' title='bbox 605 768 649 813; x_wconf 83' lang='lat' dir='ltr'><strong>ex</strong></span> <span class='ocrx_word' id='word_1_17' title='bbox 683 755 754 813; x_wconf 86' lang='lat' dir='ltr'><strong>tota</strong></span> <span class='ocrx_word' id='word_1_18' title='bbox 786 741 928 814; x_wconf 86' lang='lat' dir='ltr'><strong>dicendi</strong></span> <span class='ocrx_word' id='word_1_19' title='bbox 964 745 1101 815; x_wconf 88' lang='lat' dir='ltr'><strong>ratione</strong></span> <span class='ocrx_word' id='word_1_20' title='bbox 1132 757 1291 840; x_wconf 89' lang='lat' dir='ltr'><strong>apparet,</strong></span> 
     </span>
     <span class='ocr_line' id='line_1_4' title="bbox 211 841 1291 941; baseline 0.002 -27"><span class='ocrx_word' id='word_1_21' title='bbox 211 855 351 941; x_wconf 82' lang='lat' dir='ltr'><strong>poetam</strong></span> <span class='ocrx_word' id='word_1_22' title='bbox 386 844 504 914; x_wconf 88' lang='lat' dir='ltr'><strong>omnia</strong></span> <span class='ocrx_word' id='word_1_23' title='bbox 546 841 702 915; x_wconf 88' lang='lat' dir='ltr'><strong>voluisse</strong></span> <span class='ocrx_word' id='word_1_24' title='bbox 745 870 818 915; x_wconf 91' lang='lat' dir='ltr'><strong>uno</strong></span> <span class='ocrx_word' id='word_1_25' title='bbox 855 842 935 915; x_wconf 85' lang='lat' dir='ltr'><strong>lo&#39;co</strong></span> <span class='ocrx_word' id='word_1_26' title='bbox 978 842 1291 940; x_wconf 80' lang='lat' dir='ltr'><strong>comprehendere,</strong></span> 
     </span>
     <span class='ocr_line' id='line_1_5' title="bbox 213 942 1293 1042; baseline 0.004 -29"><span class='ocrx_word' id='word_1_27' title='bbox 213 943 345 1042; x_wconf 89' lang='lat' dir='ltr'><strong>quibus</strong></span> <span class='ocrx_word' id='word_1_28' title='bbox 368 943 419 1015; x_wconf 91' lang='lat' dir='ltr'><strong>dii</strong></span> <span class='ocrx_word' id='word_1_29' title='bbox 447 942 635 1015; x_wconf 79' lang='lat' dir='ltr'><strong>Herculem</strong></span> <span class='ocrx_word' id='word_1_30' title='bbox 659 947 849 1017; x_wconf 84' lang='lat' dir='ltr'><strong>certamina</strong></span> <span class='ocrx_word' id='word_1_31' title='bbox 875 970 940 1016; x_wconf 83' lang='lat' dir='ltr'><strong>sua</strong></span> <span class='ocrx_word' id='word_1_32' title='bbox 962 946 1077 1040; x_wconf 92' lang='lat' dir='ltr'><strong>primo</strong></span> <span class='ocrx_word' id='word_1_33' title='bbox 1096 947 1293 1042; x_wconf 80' lang='lat' dir='ltr'><strong>suscipien-</strong></span> 
     </span>
     <span class='ocr_line' id='line_1_6' title="bbox 211 1046 1294 1120; baseline 0.004 -5"><span class='ocrx_word' id='word_1_34' title='bbox 211 1058 282 1117; x_wconf 78' lang='lat' dir='ltr'><strong>tem</strong></span> <span class='ocrx_word' id='word_1_35' title='bbox 310 1046 574 1116; x_wconf 82' lang='lat' dir='ltr'><strong>exornaverint.</strong></span> <span class='ocrx_word' id='word_1_36' title='bbox 640 1047 866 1117; x_wconf 81' lang='lat' dir='ltr'><strong>Conveniunt</strong></span> <span class='ocrx_word' id='word_1_37' title='bbox 890 1057 1005 1118; x_wconf 89' lang='lat' dir='ltr'><strong>autem</strong></span> <span class='ocrx_word' id='word_1_38' title='bbox 1041 1056 1200 1120; x_wconf 88' lang='lat' dir='ltr'><strong>veterum</strong></span> <span class='ocrx_word' id='word_1_39' title='bbox 1226 1050 1294 1119; x_wconf 90' lang='lat' dir='ltr'><strong>eri·</strong></span> 
     </span>
     <span class='ocr_line' id='line_1_7' title="bbox 209 1144 1293 1246; baseline 0.007 -30"><span class='ocrx_word' id='word_1_40' title='bbox 209 1149 357 1217; x_wconf 88' lang='lat' dir='ltr'><strong>ticorum</strong></span> <span class='ocrx_word' id='word_1_41' title='bbox 396 1146 546 1236; x_wconf 89' lang='lat' dir='ltr'><strong>indicia,</strong></span> <span class='ocrx_word' id='word_1_42' title='bbox 598 1172 750 1243; x_wconf 90' lang='lat' dir='ltr'><strong>quorum</strong></span> <span class='ocrx_word' id='word_1_43' title='bbox 787 1144 916 1219; x_wconf 81' lang='lat' dir='ltr'><strong>Strabo</strong></span> <span class='ocrx_word' id='word_1_44' title='bbox 952 1173 1064 1246; x_wconf 88' lang='lat' dir='ltr'><strong>quum</strong></span> <span class='ocrx_word' id='word_1_45' title='bbox 1095 1145 1293 1224; x_wconf 76' lang='lat' dir='ltr'><strong>Hesiodum</strong></span> 
     </span>
     <span class='ocr_line' id='line_1_8' title="bbox 206 1247 1294 1343; baseline 0.006 -27"><span class='ocrx_word' id='word_1_46' title='bbox 206 1250 322 1327; x_wconf 26' lang='lat' dir='ltr'><strong>,nostri</strong></span> <span class='ocrx_word' id='word_1_47' title='bbox 344 1249 512 1343; x_wconf 76' lang='lat' dir='ltr'><strong>carminis</strong></span> <span class='ocrx_word' id='word_1_48' title='bbox 538 1247 716 1319; x_wconf 80' lang='lat' dir='ltr'><strong>auctorem</strong></span> <span class='ocrx_word' id='word_1_49' title='bbox 747 1249 953 1319; x_wconf 87' lang='lat' dir='ltr'><strong>nominatim</strong></span> <span class='ocrx_word' id='word_1_50' title='bbox 985 1247 1166 1340; x_wconf 84' lang='lat' dir='ltr'><strong>laudavit,</strong></span> <span class='ocrx_word' id='word_1_51' title='bbox 1218 1260 1294 1323; x_wconf 90' lang='lat' dir='ltr'><strong>tum</strong></span> 
     </span>
     <span class='ocr_line' id='line_1_9' title="bbox 211 1346 1386 1441; baseline 0.004 -23"><span class='ocrx_word' id='word_1_52' title='bbox 211 1375 335 1419; x_wconf 85' lang='lat' dir='ltr'><strong>roccus</strong></span> <span class='ocrx_word' id='word_1_53' title='bbox 369 1348 489 1419; x_wconf 81' lang='lat' dir='ltr'><strong>lictum</strong></span> <span class='ocrx_word' id='word_1_54' title='bbox 520 1347 684 1419; x_wconf 85' lang='lat' dir='ltr'><strong>Herculis</strong></span> <span class='ocrx_word' id='word_1_55' title='bbox 717 1351 905 1438; x_wconf 84' lang='lat' dir='ltr'><strong>vestitum,</strong></span> <span class='ocrx_word' id='word_1_56' title='bbox 958 1349 1042 1422; x_wconf 87' lang='lat' dir='ltr'><strong>lieet</strong></span> <span class='ocrx_word' id='word_1_57' title='bbox 1073 1346 1292 1441; x_wconf 71' lang='lat' dir='ltr'><strong>dubitanter,</strong></span> <span class='ocrx_word' id='word_1_58' title='bbox 1380 1347 1386 1353; x_wconf 44' lang='lat'>⁶</span> 
     </span>
     <span class='ocr_line' id='line_1_10' title="bbox 213 1449 1294 1548; baseline 0.003 -29"><span class='ocrx_word' id='word_1_59' title='bbox 213 1450 257 1519; x_wconf 90' lang='lat' dir='ltr'><strong>ad</strong></span> <span class='ocrx_word' id='word_1_60' title='bbox 278 1449 486 1520; x_wconf 84' lang='lat' dir='ltr'><strong>Pisandrum</strong></span> <span class='ocrx_word' id='word_1_61' title='bbox 505 1449 640 1520; x_wconf 88' lang='lat' dir='ltr'><strong>retulit.</strong></span> <span class='ocrx_word' id='word_1_62' title='bbox 694 1451 815 1546; x_wconf 89' lang='lat' dir='ltr'><strong>Atque</strong></span> <span class='ocrx_word' id='word_1_63' title='bbox 835 1472 906 1546; x_wconf 91' lang='lat' dir='ltr'><strong>quo</strong></span> <span class='ocrx_word' id='word_1_64' title='bbox 931 1461 1089 1546; x_wconf 85' lang='lat' dir='ltr'><strong>tempore</strong></span> <span class='ocrx_word' id='word_1_65' title='bbox 1108 1453 1148 1522; x_wconf 90' lang='lat' dir='ltr'><strong>in</strong></span> <span class='ocrx_word' id='word_1_66' title='bbox 1169 1453 1294 1548; x_wconf 86' lang='lat' dir='ltr'><strong>poesin</strong></span> 
     </span>
     <span class='ocr_line' id='line_1_11' title="bbox 214 1550 1296 1653; baseline 0.007 -33"><span class='ocrx_word' id='word_1_67' title='bbox 214 1550 431 1622; x_wconf 87' lang='lat' dir='ltr'><strong>Graecorum</strong></span> <span class='ocrx_word' id='word_1_68' title='bbox 468 1553 629 1622; x_wconf 86' lang='lat' dir='ltr'><strong>invectus</strong></span> <span class='ocrx_word' id='word_1_69' title='bbox 661 1553 709 1621; x_wconf 83' lang='lat' dir='ltr'><strong>sit</strong></span> <span class='ocrx_word' id='word_1_70' title='bbox 736 1552 908 1622; x_wconf 84' lang='lat' dir='ltr'><strong>Hercules</strong></span> <span class='ocrx_word' id='word_1_71' title='bbox 939 1560 973 1625; x_wconf 78' lang='grc' dir='ltr'><strong>ἐν</strong></span> <span class='ocrx_word' id='word_1_72' title='bbox 1000 1559 1123 1653; x_wconf 73' lang='grc' dir='ltr'><strong><em>λῃστοῦ</em></strong></span> <span class='ocrx_word' id='word_1_73' title='bbox 1154 1553 1296 1647; x_wconf 79' lang='grc' dir='ltr'><strong><em>σχήματι</em></strong></span> 
     </span>
     <span class='ocr_line' id='line_1_12' title="bbox 212 1651 1461 1749; baseline 0 -24"><span class='ocrx_word' id='word_1_74' title='bbox 212 1655 315 1745; x_wconf 81' lang='grc' dir='ltr'>μόνος</span> <span class='ocrx_word' id='word_1_75' title='bbox 339 1656 644 1749; x_wconf 73' lang='grc' dir='ltr'><strong><em>περιπορευόμενος,</em></strong></span> <span class='ocrx_word' id='word_1_76' title='bbox 680 1653 777 1739; x_wconf 83' lang='grc' dir='ltr'><strong><em>ξόλον</em></strong></span> <span class='ocrx_word' id='word_1_77' title='bbox 797 1664 876 1746; x_wconf 76' lang='grc' dir='ltr'><strong>ἔχων</strong></span> <span class='ocrx_word' id='word_1_78' title='bbox 895 1664 951 1726; x_wconf 80' lang='grc' dir='ltr'><strong>καὶ</strong></span> <span class='ocrx_word' id='word_1_79' title='bbox 975 1661 1108 1741; x_wconf 78' lang='grc' dir='ltr'><strong><em>λεοντῆν</em></strong></span> <span class='ocrx_word' id='word_1_80' title='bbox 1131 1666 1187 1727; x_wconf 79' lang='grc' dir='ltr'><strong>καὶ</strong></span> <span class='ocrx_word' id='word_1_81' title='bbox 1207 1651 1295 1740; x_wconf 80' lang='grc' dir='ltr'><strong><em>τόξα,</em></strong></span> <span class='ocrx_word' id='word_1_82' title='bbox 1421 1733 1425 1744; x_wconf 20' lang='grc'><em>1</em></span> <span class='ocrx_word' id='word_1_83' title='bbox 1453 1688 1461 1695; x_wconf 89' lang='grc'><strong><em>·</em></strong></span> 
     </span>
     <span class='ocr_line' id='line_1_13' title="bbox 214 1748 1298 1852; baseline 0.003 -29"><span class='ocrx_word' id='word_1_84' title='bbox 214 1751 430 1849; x_wconf 84' lang='lat' dir='ltr'><strong>Mogaelides</strong></span> <span class='ocrx_word' id='word_1_85' title='bbox 468 1751 542 1850; x_wconf 88' lang='lat' dir='ltr'><strong>(ap.</strong></span> <span class='ocrx_word' id='word_1_86' title='bbox 568 1751 698 1824; x_wconf 82' lang='lat' dir='ltr'><strong>Athen.</strong></span> <span class='ocrx_word' id='word_1_87' title='bbox 724 1753 820 1843; x_wconf 84' lang='lat' dir='ltr'><strong>Xll,</strong></span> <span class='ocrx_word' id='word_1_88' title='bbox 848 1777 886 1848; x_wconf 90' lang='lat' dir='ltr'><strong>p.</strong></span> <span class='ocrx_word' id='word_1_89' title='bbox 901 1748 1012 1852; x_wconf 75' lang='lat'><strong>515.)</strong></span> <span class='ocrx_word' id='word_1_90' title='bbox 1079 1752 1226 1826; x_wconf 82' lang='lat' dir='ltr'><strong>Xantho</strong></span> <span class='ocrx_word' id='word_1_91' title='bbox 1259 1763 1298 1826; x_wconf 86' lang='lat' dir='ltr'><strong>et</strong></span> 
     </span>
     <span class='ocr_line' id='line_1_14' title="bbox 215 1852 1296 1952; baseline 0 -27"><span class='ocrx_word' id='word_1_92' title='bbox 215 1853 418 1925; x_wconf 82' lang='lat' dir='ltr'><strong>Stesichoro</strong></span> <span class='ocrx_word' id='word_1_93' title='bbox 455 1856 549 1924; x_wconf 90' lang='lat' dir='ltr'><strong>inter</strong></span> <span class='ocrx_word' id='word_1_94' title='bbox 583 1879 622 1924; x_wconf 89' lang='lat' dir='ltr'><strong>se</strong></span> <span class='ocrx_word' id='word_1_95' title='bbox 653 1855 863 1951; x_wconf 78' lang='lat' dir='ltr'><strong>comparatis</strong></span> <span class='ocrx_word' id='word_1_96' title='bbox 900 1852 1088 1945; x_wconf 83' lang='lat' dir='ltr'><strong>docuerat,</strong></span> <span class='ocrx_word' id='word_1_97' title='bbox 1143 1878 1296 1952; x_wconf 88' lang='lat' dir='ltr'><strong>quorum</strong></span> 
     </span>
     <span class='ocr_line' id='line_1_15' title="bbox 213 1953 1297 2054; baseline 0.005 -30"><span class='ocrx_word' id='word_1_98' title='bbox 213 1953 274 2025; x_wconf 89' lang='lat' dir='ltr'><strong>ille</strong></span> <span class='ocrx_word' id='word_1_99' title='bbox 303 1956 483 2051; x_wconf 84' lang='lat' dir='ltr'><strong>antiquior</strong></span> <span class='ocrx_word' id='word_1_100' title='bbox 515 1957 554 2030; x_wconf 78' lang='lat' dir='ltr'><strong>ori</strong></span> <span class='ocrx_word' id='word_1_101' title='bbox 579 1956 704 2045; x_wconf 82' lang='grc' dir='ltr'><strong><em>ταύτην</em></strong></span> <span class='ocrx_word' id='word_1_102' title='bbox 723 1957 825 2054; x_wconf 75' lang='grc' dir='ltr'><strong><em>ἀὐτῷ</em></strong></span> <span class='ocrx_word' id='word_1_103' title='bbox 854 1958 1046 2052; x_wconf 75' lang='grc' dir='ltr'><strong><em>περιτίθησι</em></strong></span> <span class='ocrx_word' id='word_1_104' title='bbox 1076 1958 1137 2045; x_wconf 78' lang='grc' dir='ltr'><strong>τὴν</strong></span> <span class='ocrx_word' id='word_1_105' title='bbox 1167 1959 1297 2045; x_wconf 72' lang='grc' dir='ltr'><strong><em>στολόρ,</em></strong></span> 
     </span>
     <span class='ocr_line' id='line_1_16' title="bbox 213 2055 1292 2156; baseline -0.002 -28"><span class='ocrx_word' id='word_1_106' title='bbox 213 2059 299 2129; x_wconf 72' lang='grc' dir='ltr'><strong><em>ἀλλὰ</em></strong></span> <span class='ocrx_word' id='word_1_107' title='bbox 328 2058 390 2144; x_wconf 81' lang='grc' dir='ltr'><strong>τὴν</strong></span> <span class='ocrx_word' id='word_1_108' title='bbox 419 2057 610 2151; x_wconf 77' lang='grc' dir='ltr'><strong><em>Ὁμηρικήν.</em></strong></span> <span class='ocrx_word' id='word_1_109' title='bbox 682 2057 806 2156; x_wconf 84' lang='lat' dir='ltr'><strong>ltaque</strong></span> <span class='ocrx_word' id='word_1_110' title='bbox 838 2066 878 2127; x_wconf 87' lang='lat' dir='ltr'><strong>ut</strong></span> <span class='ocrx_word' id='word_1_111' title='bbox 902 2055 1088 2128; x_wconf 75' lang='lat' dir='ltr'><strong>Xanthum</strong></span> <span class='ocrx_word' id='word_1_112' title='bbox 1124 2067 1206 2128; x_wconf 82' lang='lat' dir='ltr'><strong>aute</strong></span> <span class='ocrx_word' id='word_1_113' title='bbox 1232 2056 1292 2127; x_wconf 82' lang='lat' dir='ltr'><strong>Ol.</strong></span> 
     </span>
     <span class='ocr_line' id='line_1_17' title="bbox 216 2148 1294 2254; baseline 0.001 -29"><span class='ocrx_word' id='word_1_114' title='bbox 216 2153 290 2246; x_wconf 76' lang='lat' dir='ltr'><strong>t‘t,</strong></span> <span class='ocrx_word' id='word_1_115' title='bbox 318 2152 364 2245; x_wconf 82' lang='lat' dir='ltr'><strong>l,</strong></span> <span class='ocrx_word' id='word_1_116' title='bbox 411 2181 483 2254; x_wconf 89' lang='lat' dir='ltr'><strong>qua</strong></span> <span class='ocrx_word' id='word_1_117' title='bbox 509 2156 735 2229; x_wconf 80' lang='lat' dir='ltr'><strong>Stesichorus</strong></span> <span class='ocrx_word' id='word_1_118' title='bbox 757 2157 900 2249; x_wconf 84' lang='lat' dir='ltr'><strong>floruit,</strong></span> <span class='ocrx_word' id='word_1_119' title='bbox 949 2159 1018 2232; x_wconf 82' lang='lat' dir='ltr'><strong>cfr.</strong></span> <span class='ocrx_word' id='word_1_120' title='bbox 1046 2155 1138 2229; x_wconf 86' lang='lat' dir='ltr'><strong>Bod.</strong></span> <span class='ocrx_word' id='word_1_121' title='bbox 1159 2148 1294 2228; x_wconf 85' lang='lat' dir='ltr'><strong>histor.</strong></span> 
     </span>
     <span class='ocr_line' id='line_1_18' title="bbox 207 2254 1296 2354; baseline 0.001 -27"><span class='ocrx_word' id='word_1_122' title='bbox 207 2254 315 2354; x_wconf 61' lang='lat' dir='ltr'><strong>&#39;poss</strong></span> <span class='ocrx_word' id='word_1_123' title='bbox 350 2258 476 2329; x_wconf 87' lang='lat' dir='ltr'><strong>Graec.</strong></span> <span class='ocrx_word' id='word_1_124' title='bbox 504 2257 564 2348; x_wconf 90' lang='lat' dir='ltr'><strong>H,</strong></span> <span class='ocrx_word' id='word_1_125' title='bbox 598 2254 649 2348; x_wconf 76' lang='lat'><strong>2,</strong></span> <span class='ocrx_word' id='word_1_126' title='bbox 692 2284 730 2354; x_wconf 88' lang='lat' dir='ltr'><strong>p.</strong></span> <span class='ocrx_word' id='word_1_127' title='bbox 759 2254 835 2350; x_wconf 72' lang='lat' dir='ltr'><strong>Al,</strong></span> <span class='ocrx_word' id='word_1_128' title='bbox 895 2258 1028 2330; x_wconf 84' lang='lat' dir='ltr'><strong>vixisse</strong></span> <span class='ocrx_word' id='word_1_129' title='bbox 1068 2257 1296 2347; x_wconf 88' lang='lat' dir='ltr'><strong>sumendum,</strong></span> 
     </span>
     <span class='ocr_line' id='line_1_19' title="bbox 216 2357 1296 2450; baseline 0.002 -22"><span class='ocrx_word' id='word_1_130' title='bbox 216 2361 264 2428; x_wconf 88' lang='lat' dir='ltr'><strong>ita</strong></span> <span class='ocrx_word' id='word_1_131' title='bbox 285 2358 385 2430; x_wconf 89' lang='lat' dir='ltr'><strong>Scuti</strong></span> <span class='ocrx_word' id='word_1_132' title='bbox 409 2370 531 2431; x_wconf 87' lang='lat' dir='ltr'><strong>auctor</strong></span> <span class='ocrx_word' id='word_1_133' title='bbox 556 2360 665 2430; x_wconf 89' lang='lat' dir='ltr'><strong>simul</strong></span> <span class='ocrx_word' id='word_1_134' title='bbox 690 2361 795 2431; x_wconf 86' lang='lat' dir='ltr'><strong>ctiam</strong></span> <span class='ocrx_word' id='word_1_135' title='bbox 832 2370 914 2431; x_wconf 88' lang='lat' dir='ltr'><strong>ante</strong></span> <span class='ocrx_word' id='word_1_136' title='bbox 942 2357 1177 2450; x_wconf 88' lang='lat' dir='ltr'><strong>Pisandrum,</strong></span> <span class='ocrx_word' id='word_1_137' title='bbox 1218 2360 1245 2430; x_wconf 92' lang='lat' dir='ltr'><strong>i.</strong></span> <span class='ocrx_word' id='word_1_138' title='bbox 1261 2384 1296 2430; x_wconf 84' lang='lat' dir='ltr'><strong>e.</strong></span> 
     </span>
     <span class='ocr_line' id='line_1_20' title="bbox 215 2455 1299 2556; baseline 0.002 -27"><span class='ocrx_word' id='word_1_139' title='bbox 215 2470 297 2529; x_wconf 87' lang='lat' dir='ltr'><strong>ante</strong></span> <span class='ocrx_word' id='word_1_140' title='bbox 324 2459 384 2528; x_wconf 85' lang='lat'><strong>01.</strong></span> <span class='ocrx_word' id='word_1_141' title='bbox 408 2455 483 2549; x_wconf 82' lang='grc'><strong>55,</strong></span> <span class='ocrx_word' id='word_1_142' title='bbox 532 2459 601 2528; x_wconf 81' lang='lat' dir='ltr'><strong>cfr.</strong></span> <span class='ocrx_word' id='word_1_143' title='bbox 632 2459 721 2528; x_wconf 77' lang='lat' dir='ltr'><strong>Bou.</strong></span> <span class='ocrx_word' id='word_1_144' title='bbox 749 2457 900 2547; x_wconf 88' lang='lat' dir='ltr'><strong>l.l.1‚</strong></span> <span class='ocrx_word' id='word_1_145' title='bbox 936 2455 1079 2551; x_wconf 60' lang='lat' dir='ltr'><strong>peut)</strong></span> <span class='ocrx_word' id='word_1_146' title='bbox 1096 2484 1200 2556; x_wconf 86' lang='lat' dir='ltr'><strong>seqq.</strong></span> <span class='ocrx_word' id='word_1_147' title='bbox 1235 2484 1299 2554; x_wconf 93' lang='lat' dir='ltr'><strong>po·</strong></span> 
     </span>
     <span class='ocr_line' id='line_1_21' title="bbox 218 2554 1297 2654; baseline -0.001 -25"><span class='ocrx_word' id='word_1_148' title='bbox 218 2557 359 2629; x_wconf 86' lang='lat' dir='ltr'><strong>nendos</strong></span> <span class='ocrx_word' id='word_1_149' title='bbox 385 2568 451 2629; x_wconf 88' lang='lat' dir='ltr'><strong>est.</strong></span> <span class='ocrx_word' id='word_1_150' title='bbox 517 2558 769 2629; x_wconf 67' lang='lat' dir='ltr'><strong>etsiverum</strong></span> <span class='ocrx_word' id='word_1_151' title='bbox 796 2567 873 2648; x_wconf 83' lang='lat' dir='ltr'><strong>est,</strong></span> <span class='ocrx_word' id='word_1_152' title='bbox 914 2557 983 2629; x_wconf 80' lang='lat' dir='ltr'><strong>cfr.</strong></span> <span class='ocrx_word' id='word_1_153' title='bbox 1011 2582 1111 2654; x_wconf 86' lang='lat' dir='ltr'><strong>supr.</strong></span> <span class='ocrx_word' id='word_1_154' title='bbox 1140 2584 1177 2653; x_wconf 91' lang='lat' dir='ltr'><strong>p.</strong></span> <span class='ocrx_word' id='word_1_155' title='bbox 1198 2554 1297 2648; x_wconf 70' lang='grc'><strong>544,</strong></span> 
     </span>
     <span class='ocr_line' id='line_1_22' title="bbox 221 2656 1300 2756; baseline 0.002 -27"><span class='ocrx_word' id='word_1_156' title='bbox 221 2658 289 2730; x_wconf 92' lang='lat' dir='ltr'><strong>hoc</strong></span> <span class='ocrx_word' id='word_1_157' title='bbox 315 2656 437 2730; x_wconf 88' lang='lat' dir='ltr'><strong>eodem</strong></span> <span class='ocrx_word' id='word_1_158' title='bbox 464 2658 703 2756; x_wconf 84' lang='lat' dir='ltr'><strong>aMegaelide</strong></span> <span class='ocrx_word' id='word_1_159' title='bbox 721 2657 870 2730; x_wconf 87' lang='lat' dir='ltr'><strong>Seutnm</strong></span> <span class='ocrx_word' id='word_1_160' title='bbox 897 2657 1116 2732; x_wconf 88' lang='lat' dir='ltr'><strong>Herculeum</strong></span> <span class='ocrx_word' id='word_1_161' title='bbox 1141 2658 1300 2731; x_wconf 88' lang='lat' dir='ltr'><strong>Hesiodo</strong></span> 
     </span>
     <span class='ocr_line' id='line_1_23' title="bbox 219 2756 1301 2857; baseline 0.002 -27"><span class='ocrx_word' id='word_1_162' title='bbox 219 2759 436 2854; x_wconf 86' lang='lat' dir='ltr'><strong>adscriptum</strong></span> <span class='ocrx_word' id='word_1_163' title='bbox 474 2785 573 2849; x_wconf 85' lang='lat' dir='ltr'><strong>esse,</strong></span> <span class='ocrx_word' id='word_1_164' title='bbox 627 2758 724 2856; x_wconf 90' lang='lat' dir='ltr'><strong>quod</strong></span> <span class='ocrx_word' id='word_1_165' title='bbox 759 2760 919 2857; x_wconf 85' lang='lat' dir='ltr'><strong>prolecto</strong></span> <span class='ocrx_word' id='word_1_166' title='bbox 954 2774 1028 2831; x_wconf 86' lang='lat' dir='ltr'><strong>nou</strong></span> <span class='ocrx_word' id='word_1_167' title='bbox 1067 2756 1301 2856; x_wconf 80' lang='lat' dir='ltr'><strong>improbabile</strong></span> 
     </span>
     <span class='ocr_line' id='line_1_24' title="bbox 220 2860 1300 2960; baseline 0.003 -30"><span class='ocrx_word' id='word_1_168' title='bbox 220 2871 306 2958; x_wconf 90' lang='lat' dir='ltr'><strong>puto</strong></span> <span class='ocrx_word' id='word_1_169' title='bbox 333 2860 526 2958; x_wconf 80' lang='lat' dir='ltr'><strong>(Megaeles</strong></span> <span class='ocrx_word' id='word_1_170' title='bbox 546 2862 582 2930; x_wconf 93' lang='lat' dir='ltr'><strong>in</strong></span> <span class='ocrx_word' id='word_1_171' title='bbox 599 2861 730 2932; x_wconf 82' lang='lat' dir='ltr'><strong>Aldine</strong></span> <span class='ocrx_word' id='word_1_172' title='bbox 755 2860 904 2935; x_wconf 65' lang='lat' dir='ltr'><strong>scholio⁴</strong></span> <span class='ocrx_word' id='word_1_173' title='bbox 917 2869 1051 2960; x_wconf 71' lang='grc' dir='ltr'><strong><em>ἐπιτιμᾷ</em></strong></span> <span class='ocrx_word' id='word_1_174' title='bbox 1071 2869 1119 2958; x_wconf 76' lang='grc' dir='ltr'><strong>τῷ</strong></span> <span class='ocrx_word' id='word_1_175' title='bbox 1130 2861 1300 2959; x_wconf 63' lang='grc' dir='ltr'><strong><em>Ἡσιόδοις</em></strong></span> 
     </span>
     <span class='ocr_line' id='line_1_25' title="bbox 219 2961 1302 3060; baseline 0.002 -27"><span class='ocrx_word' id='word_1_176' title='bbox 219 2961 437 3059; x_wconf 75' lang='lat' dir='ltr'><strong>hlegaelidcs</strong></span> <span class='ocrx_word' id='word_1_177' title='bbox 463 2988 521 3059; x_wconf 89' lang='lat' dir='ltr'><strong>ap.</strong></span> <span class='ocrx_word' id='word_1_178' title='bbox 546 2962 769 3034; x_wconf 78' lang='lat' dir='ltr'><strong>Athenaeum</strong></span> <span class='ocrx_word' id='word_1_179' title='bbox 795 2968 929 3060; x_wconf 73' lang='grc' dir='ltr'><strong><em>ἐπιτιμᾷ</em></strong></span> <span class='ocrx_word' id='word_1_180' title='bbox 952 2977 1022 3047; x_wconf 80' lang='grc' dir='ltr'><strong><em>τοῖς</em></strong></span> <span class='ocrx_word' id='word_1_181' title='bbox 1045 2967 1128 3056; x_wconf 74' lang='grc' dir='ltr'><strong>μεθ’</strong></span> <span class='ocrx_word' id='word_1_182' title='bbox 1148 2962 1302 3058; x_wconf 81' lang='grc' dir='ltr'><strong><em>Ὅμηρον</em></strong></span> 
     </span>
     <span class='ocr_line' id='line_1_26' title="bbox 219 3059 1298 3159; baseline -0.006 -21"><span class='ocrx_word' id='word_1_183' title='bbox 219 3076 275 3139; x_wconf 85' lang='grc' dir='ltr'><strong>καὶ</strong></span> <span class='ocrx_word' id='word_1_184' title='bbox 295 3066 476 3149; x_wconf 79' lang='grc' dir='ltr'><strong><em>Ἡσίοδον,</em></strong></span> <span class='ocrx_word' id='word_1_185' title='bbox 514 3089 551 3159; x_wconf 89' lang='lat' dir='ltr'><strong>p.</strong></span> <span class='ocrx_word' id='word_1_186' title='bbox 566 3059 657 3154; x_wconf 78' lang='lat'><strong>512,</strong></span> <span class='ocrx_word' id='word_1_187' title='bbox 675 3065 747 3159; x_wconf 73' lang='lat' dir='ltr'><strong>o),</strong></span> <span class='ocrx_word' id='word_1_188' title='bbox 786 3062 845 3135; x_wconf 89' lang='lat' dir='ltr'><strong>bie</strong></span> <span class='ocrx_word' id='word_1_189' title='bbox 865 3072 960 3136; x_wconf 86' lang='lat' dir='ltr'><strong>certe</strong></span> <span class='ocrx_word' id='word_1_190' title='bbox 972 3062 1156 3133; x_wconf 88' lang='lat' dir='ltr'><strong>Xanthum</strong></span> <span class='ocrx_word' id='word_1_191' title='bbox 1178 3064 1298 3150; x_wconf 87' lang='lat' dir='ltr'><strong>etiam,</strong></span> 
     </span>
     <span class='ocr_line' id='line_1_27' title="bbox 221 3162 1303 3262; baseline 0 -29"><span class='ocrx_word' id='word_1_192' title='bbox 221 3190 327 3262; x_wconf 88' lang='lat' dir='ltr'><strong>quem</strong></span> <span class='ocrx_word' id='word_1_193' title='bbox 364 3175 529 3262; x_wconf 88' lang='lat' dir='ltr'><strong>tanquam</strong></span> <span class='ocrx_word' id='word_1_194' title='bbox 573 3166 855 3237; x_wconf 80' lang='lat' dir='ltr'><strong>recentissimum</strong></span> <span class='ocrx_word' id='word_1_195' title='bbox 894 3162 1113 3260; x_wconf 83' lang='lat' dir='ltr'><strong>appellabat,</strong></span> <span class='ocrx_word' id='word_1_196' title='bbox 1165 3163 1303 3235; x_wconf 81' lang='lat' dir='ltr'><strong>auctori</strong></span> 
     </span>
     <span class='ocr_line' id='line_1_28' title="bbox 219 3265 761 3362; baseline 0.002 -27"><span class='ocrx_word' id='word_1_197' title='bbox 219 3265 328 3335; x_wconf 91' lang='lat' dir='ltr'><strong>huius</strong></span> <span class='ocrx_word' id='word_1_198' title='bbox 354 3268 524 3362; x_wconf 86' lang='lat' dir='ltr'><strong>poematis</strong></span> <span class='ocrx_word' id='word_1_199' title='bbox 549 3268 761 3362; x_wconf 88' lang='lat' dir='ltr'><strong>postposuit.</strong></span> 
     </span>
    </p>

    <p class='ocr_par' dir='ltr' id='par_1_3' title="bbox 219 3366 1373 3768">
     <span class='ocr_line' id='line_1_29' title="bbox 322 3366 1303 3465; baseline 0 -29"><span class='ocrx_word' id='word_1_200' title='bbox 322 3366 373 3436; x_wconf 88' lang='lat' dir='ltr'><strong>lta</strong></span> <span class='ocrx_word' id='word_1_201' title='bbox 408 3369 520 3465; x_wconf 81' lang='lat' dir='ltr'><strong>igitur</strong></span> <span class='ocrx_word' id='word_1_202' title='bbox 546 3370 614 3438; x_wconf 90' lang='lat' dir='ltr'><strong>iam</strong></span> <span class='ocrx_word' id='word_1_203' title='bbox 645 3369 739 3439; x_wconf 87' lang='lat' dir='ltr'><strong>nacti</strong></span> <span class='ocrx_word' id='word_1_204' title='bbox 769 3390 893 3438; x_wconf 87' lang='lat' dir='ltr'><strong>sumus</strong></span> <span class='ocrx_word' id='word_1_205' title='bbox 927 3367 1052 3438; x_wconf 84' lang='lat' dir='ltr'><strong>aetatis</strong></span> <span class='ocrx_word' id='word_1_206' title='bbox 1086 3366 1303 3436; x_wconf 88' lang='lat' dir='ltr'><strong>notationem</strong></span> 
     </span>
     <span class='ocr_line' id='line_1_30' title="bbox 219 3465 1305 3564; baseline -0.002 -28"><span class='ocrx_word' id='word_1_207' title='bbox 219 3465 396 3564; x_wconf 74' lang='lat' dir='ltr'><strong>aliquama</strong></span> <span class='ocrx_word' id='word_1_208' title='bbox 445 3468 600 3539; x_wconf 90' lang='lat' dir='ltr'><strong>Homero</strong></span> <span class='ocrx_word' id='word_1_209' title='bbox 631 3470 726 3540; x_wconf 90' lang='lat' dir='ltr'><strong>enim</strong></span> <span class='ocrx_word' id='word_1_210' title='bbox 753 3481 790 3540; x_wconf 89' lang='lat' dir='ltr'><strong>et</strong></span> <span class='ocrx_word' id='word_1_211' title='bbox 815 3465 970 3539; x_wconf 86' lang='lat' dir='ltr'><strong>Hesiodo</strong></span> <span class='ocrx_word' id='word_1_212' title='bbox 1003 3467 1201 3556; x_wconf 86' lang='lat' dir='ltr'><strong>recentius,</strong></span> <span class='ocrx_word' id='word_1_213' title='bbox 1247 3466 1305 3534; x_wconf 90' lang='lat' dir='ltr'><strong>Pi·</strong></span> 
     </span>
     <span class='ocr_line' id='line_1_31' title="bbox 221 3567 1304 3666; baseline -0.003 -28"><span class='ocrx_word' id='word_1_214' title='bbox 221 3567 422 3664; x_wconf 84' lang='lat' dir='ltr'><strong>eanquue</strong></span> <span class='ocrx_word' id='word_1_215' title='bbox 459 3579 495 3639; x_wconf 90' lang='lat' dir='ltr'><strong>et</strong></span> <span class='ocrx_word' id='word_1_216' title='bbox 530 3569 733 3641; x_wconf 88' lang='lat' dir='ltr'><strong>Stesichoro</strong></span> <span class='ocrx_word' id='word_1_217' title='bbox 765 3569 971 3666; x_wconf 87' lang='lat' dir='ltr'><strong>antiquius,</strong></span> <span class='ocrx_word' id='word_1_218' title='bbox 1032 3567 1126 3638; x_wconf 77' lang='lat' dir='ltr'><strong>infra</strong></span> <span class='ocrx_word' id='word_1_219' title='bbox 1163 3568 1304 3664; x_wconf 78' lang='lat' dir='ltr'><strong>trigesi-</strong></span> 
     </span>
     <span class='ocr_line' id='line_1_32' title="bbox 221 3668 1373 3768; baseline -0.003 -28"><span class='ocrx_word' id='word_1_220' title='bbox 221 3695 313 3740; x_wconf 88' lang='lat' dir='ltr'><strong>mam</strong></span> <span class='ocrx_word' id='word_1_221' title='bbox 337 3681 431 3740; x_wconf 87' lang='lat' dir='ltr'><strong>certe</strong></span> <span class='ocrx_word' id='word_1_222' title='bbox 443 3668 690 3768; x_wconf 76' lang='lat' dir='ltr'><strong>Olympiadem</strong></span> <span class='ocrx_word' id='word_1_223' title='bbox 717 3695 857 3742; x_wconf 85' lang='lat' dir='ltr'><strong>carmen</strong></span> <span class='ocrx_word' id='word_1_224' title='bbox 880 3668 1046 3741; x_wconf 86' lang='lat' dir='ltr'><strong>collocari</strong></span> <span class='ocrx_word' id='word_1_225' title='bbox 1064 3693 1136 3740; x_wconf 90' lang='lat' dir='ltr'><strong>noa</strong></span> <span class='ocrx_word' id='word_1_226' title='bbox 1158 3668 1301 3764; x_wconf 90' lang='lat' dir='ltr'><strong>poterit.</strong></span> <span class='ocrx_word' id='word_1_227' title='bbox 1370 3723 1373 3727; x_wconf 87' lang='lat'><strong>.</strong></span> 
     </span>
    </p>

    <p class='ocr_par' dir='ltr' id='par_1_4' title="bbox 221 3766 1306 4574">
     <span class='ocr_line' id='line_1_33' title="bbox 323 3766 1303 3868; baseline -0.003 -28"><span class='ocrx_word' id='word_1_228' title='bbox 323 3771 435 3840; x_wconf 86' lang='lat' dir='ltr'><strong>Cuius</strong></span> <span class='ocrx_word' id='word_1_229' title='bbox 472 3774 525 3842; x_wconf 88' lang='lat' dir='ltr'><strong>rei</strong></span> <span class='ocrx_word' id='word_1_230' title='bbox 551 3775 680 3844; x_wconf 87' lang='lat' dir='ltr'><strong>veritas</strong></span> <span class='ocrx_word' id='word_1_231' title='bbox 707 3784 748 3842; x_wconf 89' lang='lat' dir='ltr'><strong>nt</strong></span> <span class='ocrx_word' id='word_1_232' title='bbox 772 3773 885 3868; x_wconf 83' lang='lat' dir='ltr'><strong>magis</strong></span> <span class='ocrx_word' id='word_1_233' title='bbox 917 3772 1023 3844; x_wconf 90' lang='lat' dir='ltr'><strong>etiam</strong></span> <span class='ocrx_word' id='word_1_234' title='bbox 1058 3766 1303 3859; x_wconf 80' lang='lat' dir='ltr'><strong>confirmetur,</strong></span> 
     </span>
     <span class='ocr_line' id='line_1_34' title="bbox 221 3866 1305 3968; baseline -0.003 -27"><span class='ocrx_word' id='word_1_235' title='bbox 221 3866 328 3946; x_wconf 84' lang='lat' dir='ltr'><strong>redeo</strong></span> <span class='ocrx_word' id='word_1_236' title='bbox 364 3869 409 3940; x_wconf 90' lang='lat' dir='ltr'><strong>ad</strong></span> <span class='ocrx_word' id='word_1_237' title='bbox 443 3874 680 3944; x_wconf 86' lang='lat' dir='ltr'><strong>coniecturam</strong></span> <span class='ocrx_word' id='word_1_238' title='bbox 706 3871 801 3942; x_wconf 87' lang='lat' dir='ltr'><strong>illam</strong></span> <span class='ocrx_word' id='word_1_239' title='bbox 830 3897 937 3968; x_wconf 83' lang='lat' dir='ltr'><strong>supra</strong></span> <span class='ocrx_word' id='word_1_240' title='bbox 963 3896 983 3942; x_wconf 91' lang='lat' dir='ltr'><strong>a</strong></span> <span class='ocrx_word' id='word_1_241' title='bbox 1007 3896 1063 3942; x_wconf 91' lang='lat' dir='ltr'><strong>me</strong></span> <span class='ocrx_word' id='word_1_242' title='bbox 1088 3869 1305 3966; x_wconf 84' lang='lat' dir='ltr'><strong>propositam</strong></span> 
     </span>
     <span class='ocr_line' id='line_1_35' title="bbox 221 3967 1305 4071; baseline 0 -31"><span class='ocrx_word' id='word_1_243' title='bbox 221 3997 260 4068; x_wconf 89' lang='lat' dir='ltr'><strong>p.</strong></span> <span class='ocrx_word' id='word_1_244' title='bbox 282 3967 383 4062; x_wconf 66' lang='lat'><strong>545,</strong></span> <span class='ocrx_word' id='word_1_245' title='bbox 412 3968 577 4071; x_wconf 64' lang='lat' dir='ltr'><strong>notssss,</strong></span> <span class='ocrx_word' id='word_1_246' title='bbox 627 4000 718 4071; x_wconf 89' lang='lat' dir='ltr'><strong>quae</strong></span> <span class='ocrx_word' id='word_1_247' title='bbox 749 3998 830 4044; x_wconf 86' lang='lat' dir='ltr'><strong>eum</strong></span> <span class='ocrx_word' id='word_1_248' title='bbox 862 3971 930 4043; x_wconf 87' lang='lat' dir='ltr'><strong>bae</strong></span> <span class='ocrx_word' id='word_1_249' title='bbox 960 3996 1082 4044; x_wconf 84' lang='lat' dir='ltr'><strong>caussa</strong></span> <span class='ocrx_word' id='word_1_250' title='bbox 1119 3980 1214 4042; x_wconf 83' lang='lat' dir='ltr'><strong>arcte</strong></span> <span class='ocrx_word' id='word_1_251' title='bbox 1249 3993 1305 4040; x_wconf 89' lang='lat' dir='ltr'><strong>co·</strong></span> 
     </span>
     <span class='ocr_line' id='line_1_36' title="bbox 221 4069 1306 4168; baseline 0.002 -27"><span class='ocrx_word' id='word_1_252' title='bbox 221 4071 359 4143; x_wconf 85' lang='lat' dir='ltr'><strong>haeret.</strong></span> <span class='ocrx_word' id='word_1_253' title='bbox 438 4071 714 4163; x_wconf 88' lang='lat' dir='ltr'><strong>AStesiehoro,</strong></span> <span class='ocrx_word' id='word_1_254' title='bbox 760 4076 810 4145; x_wconf 92' lang='lat' dir='ltr'><strong>ait</strong></span> <span class='ocrx_word' id='word_1_255' title='bbox 840 4071 954 4145; x_wconf 87' lang='lat' dir='ltr'><strong>schol.</strong></span> <span class='ocrx_word' id='word_1_256' title='bbox 982 4073 1192 4168; x_wconf 88' lang='lat' dir='ltr'><strong>antiquum,</strong></span> <span class='ocrx_word' id='word_1_257' title='bbox 1234 4069 1306 4143; x_wconf 87' lang='lat' dir='ltr'><strong>lle·</strong></span> 
     </span>
     <span class='ocr_line' id='line_1_37' title="bbox 224 4170 1305 4263; baseline -0.002 -19"><span class='ocrx_word' id='word_1_258' title='bbox 224 4171 362 4245; x_wconf 89' lang='lat' dir='ltr'><strong>siodnm</strong></span> <span class='ocrx_word' id='word_1_259' title='bbox 400 4175 576 4245; x_wconf 86' lang='lat' dir='ltr'><strong>nominari</strong></span> <span class='ocrx_word' id='word_1_260' title='bbox 611 4176 711 4246; x_wconf 90' lang='lat' dir='ltr'><strong>Scuti</strong></span> <span class='ocrx_word' id='word_1_261' title='bbox 740 4175 907 4246; x_wconf 86' lang='lat' dir='ltr'><strong>Herculis</strong></span> <span class='ocrx_word' id='word_1_262' title='bbox 939 4183 1145 4263; x_wconf 70' lang='lat' dir='ltr'><strong>auctorem,</strong></span> <span class='ocrx_word' id='word_1_263' title='bbox 1195 4195 1236 4243; x_wconf 88' lang='lat' dir='ltr'><strong>ac</strong></span> <span class='ocrx_word' id='word_1_264' title='bbox 1263 4170 1305 4242; x_wconf 93' lang='lat' dir='ltr'><strong>li·</strong></span> 
     </span>
     <span class='ocr_line' id='line_1_38' title="bbox 225 4270 1306 4371; baseline -0.003 -27"><span class='ocrx_word' id='word_1_265' title='bbox 225 4284 281 4344; x_wconf 89' lang='lat' dir='ltr'><strong>oet</strong></span> <span class='ocrx_word' id='word_1_266' title='bbox 304 4272 544 4345; x_wconf 86' lang='lat' dir='ltr'><strong>dubitaverint</strong></span> <span class='ocrx_word' id='word_1_267' title='bbox 568 4277 733 4371; x_wconf 88' lang='lat' dir='ltr'><strong>plurimi,</strong></span> <span class='ocrx_word' id='word_1_268' title='bbox 772 4275 840 4348; x_wconf 77' lang='lat' dir='ltr'><strong>cir.</strong></span> <span class='ocrx_word' id='word_1_269' title='bbox 865 4273 998 4346; x_wconf 87' lang='lat' dir='ltr'><strong>Goettl.</strong></span> <span class='ocrx_word' id='word_1_270' title='bbox 1028 4271 1141 4369; x_wconf 83' lang='lat' dir='ltr'><strong>praes.</strong></span> <span class='ocrx_word' id='word_1_271' title='bbox 1170 4270 1216 4341; x_wconf 88' lang='lat' dir='ltr'><strong>ad</strong></span> <span class='ocrx_word' id='word_1_272' title='bbox 1235 4272 1306 4342; x_wconf 90' lang='lat' dir='ltr'><strong>Hc·</strong></span> 
     </span>
     <span class='ocr_line' id='line_1_39' title="bbox 224 4372 1306 4472; baseline -0.002 -28"><span class='ocrx_word' id='word_1_273' title='bbox 224 4372 315 4444; x_wconf 92' lang='lat' dir='ltr'><strong>siod.</strong></span> <span class='ocrx_word' id='word_1_274' title='bbox 346 4402 381 4472; x_wconf 93' lang='lat' dir='ltr'><strong>p.</strong></span> <span class='ocrx_word' id='word_1_275' title='bbox 405 4375 519 4466; x_wconf 88' lang='lat' dir='ltr'><strong>Vlll,</strong></span> <span class='ocrx_word' id='word_1_276' title='bbox 572 4388 688 4448; x_wconf 87' lang='lat' dir='ltr'><strong>tamen</strong></span> <span class='ocrx_word' id='word_1_277' title='bbox 720 4375 817 4447; x_wconf 88' lang='lat' dir='ltr'><strong>nulla</strong></span> <span class='ocrx_word' id='word_1_278' title='bbox 854 4387 908 4447; x_wconf 86' lang='lat' dir='ltr'><strong>est</strong></span> <span class='ocrx_word' id='word_1_279' title='bbox 943 4372 1174 4445; x_wconf 89' lang='lat' dir='ltr'><strong>dubitationis</strong></span> <span class='ocrx_word' id='word_1_280' title='bbox 1215 4374 1306 4455; x_wconf 78' lang='lat' dir='ltr'><strong>iusta</strong></span> 
     </span>
     <span class='ocr_line' id='line_1_40' title="bbox 225 4469 1306 4574; baseline -0.002 -28"><span class='ocrx_word' id='word_1_281' title='bbox 225 4498 370 4569; x_wconf 89' lang='lat' dir='ltr'><strong>caussa,</strong></span> <span class='ocrx_word' id='word_1_282' title='bbox 420 4477 488 4550; x_wconf 81' lang='lat' dir='ltr'><strong>cfr.</strong></span> <span class='ocrx_word' id='word_1_283' title='bbox 518 4477 684 4552; x_wconf 85' lang='lat' dir='ltr'><strong>Mueller.</strong></span> <span class='ocrx_word' id='word_1_284' title='bbox 715 4478 799 4553; x_wconf 86' lang='lat' dir='ltr'><strong>hist.</strong></span> <span class='ocrx_word' id='word_1_285' title='bbox 829 4478 917 4550; x_wconf 86' lang='lat' dir='ltr'><strong>Dor.</strong></span> <span class='ocrx_word' id='word_1_286' title='bbox 937 4474 988 4570; x_wconf 89' lang='lat' dir='ltr'><strong>ll,</strong></span> <span class='ocrx_word' id='word_1_287' title='bbox 1016 4469 1159 4574; x_wconf 68' lang='lat' dir='ltr'><strong>pult.</strong></span> <span class='ocrx_word' id='word_1_288' title='bbox 1213 4474 1306 4551; x_wconf 53' lang='lat' dir='ltr'><strong>(Jon-</strong></span> 
     </span>
    </p>
   </div>
   <div class='ocr_carea' id='block_1_3' title="bbox 0 0 1541 5264">
    <p class='ocr_par' dir='ltr' id='par_1_5' title="bbox 0 0 1541 5264">
     <span class='ocr_line' id='line_1_41' title="bbox 0 0 1541 5264; baseline 0 0"><span class='ocrx_word' id='word_1_289' title='bbox 0 0 1541 5264; x_wconf 95' lang='lat' dir='ltr'><strong> </strong></span> 
     </span>
    </p>
   </div>
  </div>
 </body>
</html>
