<?xml version="1.0" encoding="UTF-8"?>
<!DOCTYPE html PUBLIC "-//W3C//DTD XHTML 1.0 Transitional//EN"
    "http://www.w3.org/TR/xhtml1/DTD/xhtml1-transitional.dtd">
<html xmlns="http://www.w3.org/1999/xhtml" xml:lang="en" lang="en">
 <head>
  <title>
</title>
<meta http-equiv="Content-Type" content="text/html;charset=utf-8" />
  <meta name='ocr-system' content='tesseract 3.04.00' />
  <meta name='ocr-capabilities' content='ocr_page ocr_carea ocr_par ocr_line ocrx_word'/>
</head>
<body>
  <div class='ocr_page' id='page_1' title='image "./hesiodiquodfert00wolfgoog_0385.png"; bbox 0 0 3044 5264; ppageno 0'>
   <div class='ocr_carea' id='block_1_1' title="bbox 236 426 994 531">
    <p class='ocr_par' dir='ltr' id='par_1_1' title="bbox 236 426 994 531">
     <span class='ocr_line' id='line_1_1' title="bbox 236 426 994 531; baseline 0.004 -32"><span class='ocrx_word' id='word_1_1' title='bbox 236 426 315 499; x_wconf 76' lang='lat' dir='ltr'><strong>ure</strong></span> <span class='ocrx_word' id='word_1_2' title='bbox 554 429 714 531; x_wconf 74' lang='lat' dir='ltr'><strong>nouas</strong></span> <span class='ocrx_word' id='word_1_3' title='bbox 754 429 994 505; x_wconf 76' lang='lat' dir='ltr'><strong>CARMINIS.</strong></span> 
     </span>
    </p>
   </div>
   <div class='ocr_carea' id='block_1_2' title="bbox 230 631 1333 1747">
    <p class='ocr_par' dir='ltr' id='par_1_2' title="bbox 234 631 1333 1234">
     <span class='ocr_line' id='line_1_2' title="bbox 237 631 1333 725; baseline 0.003 -20"><span class='ocrx_word' id='word_1_4' title='bbox 237 634 424 708; x_wconf 87' lang='lat' dir='ltr'><strong>serendum</strong></span> <span class='ocrx_word' id='word_1_5' title='bbox 451 644 569 707; x_wconf 85' lang='lat' dir='ltr'><strong>autem</strong></span> <span class='ocrx_word' id='word_1_6' title='bbox 595 641 696 705; x_wconf 83' lang='lat' dir='ltr'><strong>vetus</strong></span> <span class='ocrx_word' id='word_1_7' title='bbox 722 631 884 705; x_wconf 88' lang='lat' dir='ltr'><strong>seholion</strong></span> <span class='ocrx_word' id='word_1_8' title='bbox 898 631 1148 725; x_wconf 87' lang='lat' dir='ltr'><strong>Pindaricum,</strong></span> <span class='ocrx_word' id='word_1_9' title='bbox 1177 634 1255 708; x_wconf 80' lang='lat' dir='ltr'><strong>tide</strong></span> <span class='ocrx_word' id='word_1_10' title='bbox 1276 635 1333 708; x_wconf 94' lang='lat' dir='ltr'><strong>di·</strong></span> 
     </span>
     <span class='ocr_line' id='line_1_3' title="bbox 237 734 1331 834; baseline 0.005 -28"><span class='ocrx_word' id='word_1_11' title='bbox 237 739 469 834; x_wconf 84' lang='lat' dir='ltr'><strong>gnissimum,</strong></span> <span class='ocrx_word' id='word_1_12' title='bbox 509 761 553 806; x_wconf 88' lang='lat' dir='ltr'><strong>ex</strong></span> <span class='ocrx_word' id='word_1_13' title='bbox 587 760 659 832; x_wconf 94' lang='lat' dir='ltr'><strong>quo</strong></span> <span class='ocrx_word' id='word_1_14' title='bbox 682 735 794 832; x_wconf 78' lang='lat' dir='ltr'><strong>Cycni</strong></span> <span class='ocrx_word' id='word_1_15' title='bbox 825 761 906 806; x_wconf 88' lang='lat' dir='ltr'><strong>cum</strong></span> <span class='ocrx_word' id='word_1_16' title='bbox 937 734 1088 808; x_wconf 81' lang='lat' dir='ltr'><strong>Hercule</strong></span> <span class='ocrx_word' id='word_1_17' title='bbox 1115 762 1283 834; x_wconf 82' lang='lat' dir='ltr'><strong>pugnam</strong></span> <span class='ocrx_word' id='word_1_18' title='bbox 1309 766 1331 811; x_wconf 84' lang='lat' dir='ltr'><strong>a</strong></span> 
     </span>
     <span class='ocr_line' id='line_1_4' title="bbox 236 834 1329 933; baseline 0.003 -23"><span class='ocrx_word' id='word_1_19' title='bbox 236 836 442 910; x_wconf 85' lang='lat' dir='ltr'><strong>Stesichoro</strong></span> <span class='ocrx_word' id='word_1_20' title='bbox 465 835 768 933; x_wconf 80' lang='lat' dir='ltr'><strong>cormiuc&#39;aliquo</strong></span> <span class='ocrx_word' id='word_1_21' title='bbox 794 834 1004 908; x_wconf 88' lang='lat' dir='ltr'><strong>celebratam</strong></span> <span class='ocrx_word' id='word_1_22' title='bbox 1029 862 1106 908; x_wconf 86' lang='lat' dir='ltr'><strong>esse</strong></span> <span class='ocrx_word' id='word_1_23' title='bbox 1130 837 1329 931; x_wconf 79' lang='lat' dir='ltr'><strong>discimus,</strong></span> 
     </span>
     <span class='ocr_line' id='line_1_5' title="bbox 236 935 1330 1038; baseline 0.001 -27"><span class='ocrx_word' id='word_1_24' title='bbox 236 939 379 1037; x_wconf 89' lang='lat' dir='ltr'><strong>dequo</strong></span> <span class='ocrx_word' id='word_1_25' title='bbox 406 963 531 1027; x_wconf 91' lang='lat' dir='ltr'><strong>nemo,</strong></span> <span class='ocrx_word' id='word_1_26' title='bbox 571 948 744 1037; x_wconf 82' lang='lat' dir='ltr'><strong>quantum</strong></span> <span class='ocrx_word' id='word_1_27' title='bbox 768 938 865 1026; x_wconf 87' lang='lat' dir='ltr'><strong>scio,</strong></span> <span class='ocrx_word' id='word_1_28' title='bbox 909 935 1097 1009; x_wconf 86' lang='lat' dir='ltr'><strong>dubitavit.</strong></span> <span class='ocrx_word' id='word_1_29' title='bbox 1159 943 1243 1038; x_wconf 83' lang='lat' dir='ltr'><strong>Ago</strong></span> <span class='ocrx_word' id='word_1_30' title='bbox 1271 943 1330 1013; x_wconf 87' lang='lat' dir='ltr'><strong>vi·</strong></span> 
     </span>
     <span class='ocr_line' id='line_1_6' title="bbox 236 1036 1328 1139; baseline 0.002 -26"><span class='ocrx_word' id='word_1_31' title='bbox 236 1041 402 1131; x_wconf 89' lang='lat' dir='ltr'><strong>deamns,</strong></span> <span class='ocrx_word' id='word_1_32' title='bbox 446 1038 534 1139; x_wconf 91' lang='lat' dir='ltr'><strong>quid</strong></span> <span class='ocrx_word' id='word_1_33' title='bbox 558 1037 604 1111; x_wconf 93' lang='lat' dir='ltr'><strong>de</strong></span> <span class='ocrx_word' id='word_1_34' title='bbox 627 1037 748 1136; x_wconf 71' lang='lat' dir='ltr'><strong>Cycno</strong></span> <span class='ocrx_word' id='word_1_35' title='bbox 777 1036 995 1132; x_wconf 75' lang='lat' dir='ltr'><strong>Stesichori,</strong></span> <span class='ocrx_word' id='word_1_36' title='bbox 1035 1041 1098 1138; x_wconf 94' lang='lat' dir='ltr'><strong>qui</strong></span> <span class='ocrx_word' id='word_1_37' title='bbox 1122 1036 1220 1113; x_wconf 89' lang='lat' dir='ltr'><strong>idem</strong></span> <span class='ocrx_word' id='word_1_38' title='bbox 1236 1043 1328 1115; x_wconf 90' lang='lat' dir='ltr'><strong>Piu-</strong></span> 
     </span>
     <span class='ocr_line' id='line_1_7' title="bbox 234 1138 655 1234; baseline -0.014 -20"><span class='ocrx_word' id='word_1_39' title='bbox 234 1141 313 1214; x_wconf 81' lang='lat' dir='ltr'><strong>dori</strong></span> <span class='ocrx_word' id='word_1_40' title='bbox 338 1152 411 1234; x_wconf 90' lang='lat' dir='ltr'><strong>est,</strong></span> <span class='ocrx_word' id='word_1_41' title='bbox 446 1138 655 1213; x_wconf 74' lang='lat' dir='ltr'><strong>enarretur?</strong></span> 
     </span>
    </p>

    <p class='ocr_par' dir='ltr' id='par_1_3' title="bbox 230 1239 1327 1747">
     <span class='ocr_line' id='line_1_8' title="bbox 336 1239 1327 1345; baseline 0.003 -28"><span class='ocrx_word' id='word_1_42' title='bbox 336 1244 477 1345; x_wconf 72' lang='lat' dir='ltr'><strong>erdur</strong></span> <span class='ocrx_word' id='word_1_43' title='bbox 501 1249 537 1315; x_wconf 78' lang='lat' dir='ltr'><strong>dt</strong></span> <span class='ocrx_word' id='word_1_44' title='bbox 563 1240 709 1320; x_wconf 71' lang='grc' dir='ltr'><strong><em>Κύκνεια</em></strong></span> <span class='ocrx_word' id='word_1_45' title='bbox 732 1239 825 1336; x_wconf 75' lang='grc' dir='ltr'><strong>μάχα</strong></span> <span class='ocrx_word' id='word_1_46' title='bbox 848 1252 904 1316; x_wconf 80' lang='grc' dir='ltr'><strong>καὶ</strong></span> <span class='ocrx_word' id='word_1_47' title='bbox 932 1244 1087 1340; x_wconf 76' lang='grc' dir='ltr'><strong><em>ὑπέρβιον</em></strong></span> <span class='ocrx_word' id='word_1_48' title='bbox 1107 1245 1299 1341; x_wconf 78' lang='grc' dir='ltr'><strong><em>Ἡρακλέα,</em></strong></span> <span class='ocrx_word' id='word_1_49' title='bbox 1312 1280 1327 1310; x_wconf 77' lang='grc' dir='ltr'><strong><em>ι</em></strong></span> 
     </span>
     <span class='ocr_line' id='line_1_9' title="bbox 232 1336 1323 1443; baseline 0.001 -26"><span class='ocrx_word' id='word_1_50' title='bbox 232 1346 283 1418; x_wconf 82' lang='lat' dir='ltr'><strong>ait</strong></span> <span class='ocrx_word' id='word_1_51' title='bbox 307 1344 505 1433; x_wconf 74' lang='lat' dir='ltr'><strong>Pindarus,</strong></span> <span class='ocrx_word' id='word_1_52' title='bbox 556 1336 814 1433; x_wconf 76' lang='lat' dir='ltr'><strong>01.xl,15‚</strong></span> <span class='ocrx_word' id='word_1_53' title='bbox 857 1341 1100 1415; x_wconf 78' lang='lat' dir='ltr'><strong>Stesichorum</strong></span> <span class='ocrx_word' id='word_1_54' title='bbox 1124 1357 1323 1443; x_wconf 87' lang='lat' dir='ltr'><strong>sequutus,</strong></span> 
     </span>
     <span class='ocr_line' id='line_1_10' title="bbox 233 1441 1323 1544; baseline 0.003 -28"><span class='ocrx_word' id='word_1_55' title='bbox 233 1471 305 1544; x_wconf 94' lang='lat' dir='ltr'><strong>quo</strong></span> <span class='ocrx_word' id='word_1_56' title='bbox 332 1455 477 1518; x_wconf 80' lang='lat' dir='ltr'><strong>auctora</strong></span> <span class='ocrx_word' id='word_1_57' title='bbox 501 1441 678 1517; x_wconf 83' lang='lat' dir='ltr'><strong>Hercules</strong></span> <span class='ocrx_word' id='word_1_58' title='bbox 702 1445 855 1540; x_wconf 86' lang='lat' dir='ltr'><strong>primum</strong></span> <span class='ocrx_word' id='word_1_59' title='bbox 883 1443 1027 1542; x_wconf 89' lang='lat' dir='ltr'><strong>quidem</strong></span> <span class='ocrx_word' id='word_1_60' title='bbox 1062 1470 1082 1517; x_wconf 82' lang='lat' dir='ltr'><strong>a</strong></span> <span class='ocrx_word' id='word_1_61' title='bbox 1109 1445 1232 1543; x_wconf 70' lang='lat' dir='ltr'><strong>Cycno</strong></span> <span class='ocrx_word' id='word_1_62' title='bbox 1261 1448 1323 1519; x_wconf 84' lang='lat' dir='ltr'><strong>t&#39;u·</strong></span> 
     </span>
     <span class='ocr_line' id='line_1_11' title="bbox 231 1543 1322 1645; baseline 0.004 -29"><span class='ocrx_word' id='word_1_63' title='bbox 231 1557 357 1643; x_wconf 84' lang='lat' dir='ltr'><strong>gatus,</strong></span> <span class='ocrx_word' id='word_1_64' title='bbox 406 1547 541 1644; x_wconf 85' lang='lat' dir='ltr'><strong>quippe</strong></span> <span class='ocrx_word' id='word_1_65' title='bbox 571 1547 635 1645; x_wconf 91' lang='lat' dir='ltr'><strong>qui</strong></span> <span class='ocrx_word' id='word_1_66' title='bbox 660 1543 810 1616; x_wconf 75' lang='lat' dir='ltr'><strong>Martem</strong></span> <span class='ocrx_word' id='word_1_67' title='bbox 844 1547 1049 1617; x_wconf 77' lang='lat' dir='ltr'><strong>certaminis</strong></span> <span class='ocrx_word' id='word_1_68' title='bbox 1083 1550 1220 1619; x_wconf 89' lang='lat' dir='ltr'><strong>socium</strong></span> <span class='ocrx_word' id='word_1_69' title='bbox 1252 1547 1322 1620; x_wconf 91' lang='lat' dir='ltr'><strong>ha·</strong></span> 
     </span>
     <span class='ocr_line' id='line_1_12' title="bbox 230 1645 1321 1747; baseline 0.003 -29"><span class='ocrx_word' id='word_1_70' title='bbox 230 1645 346 1737; x_wconf 85' lang='lat' dir='ltr'><strong>heret,</strong></span> <span class='ocrx_word' id='word_1_71' title='bbox 380 1672 454 1718; x_wconf 92' lang='lat' dir='ltr'><strong>non</strong></span> <span class='ocrx_word' id='word_1_72' title='bbox 474 1649 574 1746; x_wconf 90' lang='lat' dir='ltr'><strong>prius</strong></span> <span class='ocrx_word' id='word_1_73' title='bbox 590 1645 833 1718; x_wconf 85' lang='lat' dir='ltr'><strong>adversarium</strong></span> <span class='ocrx_word' id='word_1_74' title='bbox 848 1648 935 1719; x_wconf 83' lang='lat' dir='ltr'><strong>vicit</strong></span> <span class='ocrx_word' id='word_1_75' title='bbox 955 1649 1179 1746; x_wconf 75' lang='lat' dir='ltr'><strong>necavitque,</strong></span> <span class='ocrx_word' id='word_1_76' title='bbox 1206 1674 1321 1747; x_wconf 82' lang='lat' dir='ltr'><strong>quom</strong></span> 
     </span>
    </p>
   </div>
   <div class='ocr_carea' id='block_1_3' title="bbox 97 1744 1320 1847">
    <p class='ocr_par' dir='ltr' id='par_1_4' title="bbox 97 1744 1320 1847">
     <span class='ocr_line' id='line_1_13' title="bbox 97 1744 1320 1847; baseline 0.002 -27"><span class='ocrx_word' id='word_1_77' title='bbox 97 1821 100 1828; x_wconf 85' lang='grc'><strong><em>,</em></strong></span> <span class='ocrx_word' id='word_1_78' title='bbox 230 1774 342 1847; x_wconf 93' lang='lat' dir='ltr'><strong>quum</strong></span> <span class='ocrx_word' id='word_1_79' title='bbox 376 1772 458 1821; x_wconf 86' lang='lat' dir='ltr'><strong>eum</strong></span> <span class='ocrx_word' id='word_1_80' title='bbox 492 1746 607 1822; x_wconf 85' lang='lat' dir='ltr'><strong>solum</strong></span> <span class='ocrx_word' id='word_1_81' title='bbox 640 1744 945 1844; x_wconf 82' lang='lat' dir='ltr'><strong>deprehendisset.</strong></span> <span class='ocrx_word' id='word_1_82' title='bbox 1025 1749 1105 1821; x_wconf 88' lang='lat' dir='ltr'><strong>Hoc</strong></span> <span class='ocrx_word' id='word_1_83' title='bbox 1137 1774 1320 1822; x_wconf 89' lang='lat' dir='ltr'><strong>summum</strong></span> 
     </span>
    </p>
   </div>
   <div class='ocr_carea' id='block_1_4' title="bbox 221 1846 1318 3963">
    <p class='ocr_par' dir='ltr' id='par_1_5' title="bbox 221 1846 1318 2935">
     <span class='ocr_line' id='line_1_14' title="bbox 229 1846 1318 1950; baseline 0.003 -29"><span class='ocrx_word' id='word_1_84' title='bbox 229 1861 285 1922; x_wconf 88' lang='lat' dir='ltr'><strong>est</strong></span> <span class='ocrx_word' id='word_1_85' title='bbox 302 1847 537 1939; x_wconf 84' lang='lat' dir='ltr'><strong>discriminis,</strong></span> <span class='ocrx_word' id='word_1_86' title='bbox 577 1874 648 1948; x_wconf 94' lang='lat' dir='ltr'><strong>qno</strong></span> <span class='ocrx_word' id='word_1_87' title='bbox 670 1847 717 1920; x_wconf 90' lang='lat' dir='ltr'><strong>ah</strong></span> <span class='ocrx_word' id='word_1_88' title='bbox 734 1846 892 1922; x_wconf 81' lang='lat' dir='ltr'><strong>Hesiodo</strong></span> <span class='ocrx_word' id='word_1_89' title='bbox 917 1846 1057 1942; x_wconf 80' lang='lat' dir='ltr'><strong>differt,</strong></span> <span class='ocrx_word' id='word_1_90' title='bbox 1093 1849 1188 1948; x_wconf 88' lang='lat' dir='ltr'><strong>apud</strong></span> <span class='ocrx_word' id='word_1_91' title='bbox 1206 1877 1318 1950; x_wconf 88' lang='lat' dir='ltr'><strong>quem</strong></span> 
     </span>
     <span class='ocr_line' id='line_1_15' title="bbox 228 1949 1316 2049; baseline 0.003 -28"><span class='ocrx_word' id='word_1_92' title='bbox 228 1950 326 2022; x_wconf 82' lang='lat' dir='ltr'><strong>iiiios</strong></span> <span class='ocrx_word' id='word_1_93' title='bbox 352 1951 448 2022; x_wconf 81' lang='lat' dir='ltr'><strong>loris</strong></span> <span class='ocrx_word' id='word_1_94' title='bbox 485 1950 588 2023; x_wconf 88' lang='lat' dir='ltr'><strong>initio</strong></span> <span class='ocrx_word' id='word_1_95' title='bbox 614 1949 758 2049; x_wconf 91' lang='lat' dir='ltr'><strong>quidem</strong></span> <span class='ocrx_word' id='word_1_96' title='bbox 789 1959 999 2043; x_wconf 86' lang='lat' dir='ltr'><strong>cunctatur,</strong></span> <span class='ocrx_word' id='word_1_97' title='bbox 1049 1950 1113 2023; x_wconf 90' lang='lat' dir='ltr'><strong>sed</strong></span> <span class='ocrx_word' id='word_1_98' title='bbox 1148 1977 1232 2024; x_wconf 85' lang='lat' dir='ltr'><strong>mox</strong></span> <span class='ocrx_word' id='word_1_99' title='bbox 1265 1951 1316 2025; x_wconf 89' lang='lat' dir='ltr'><strong>ab</strong></span> 
     </span>
     <span class='ocr_line' id='line_1_16' title="bbox 230 2051 1317 2149; baseline 0.005 -26"><span class='ocrx_word' id='word_1_100' title='bbox 230 2051 327 2124; x_wconf 84' lang='lat' dir='ltr'><strong>lolao</strong></span> <span class='ocrx_word' id='word_1_101' title='bbox 349 2051 553 2149; x_wconf 77' lang='lat' dir='ltr'><strong>admonitus</strong></span> <span class='ocrx_word' id='word_1_102' title='bbox 577 2077 675 2125; x_wconf 80' lang='lat' dir='ltr'><strong>orma</strong></span> <span class='ocrx_word' id='word_1_103' title='bbox 699 2053 809 2124; x_wconf 87' lang='lat' dir='ltr'><strong>sumit</strong></span> <span class='ocrx_word' id='word_1_104' title='bbox 834 2064 869 2125; x_wconf 89' lang='lat' dir='ltr'><strong>et</strong></span> <span class='ocrx_word' id='word_1_105' title='bbox 894 2055 1078 2126; x_wconf 77' lang='lat' dir='ltr'><strong>Minervae</strong></span> <span class='ocrx_word' id='word_1_106' title='bbox 1102 2054 1317 2128; x_wconf 84' lang='lat' dir='ltr'><strong>auctoritate</strong></span> 
     </span>
     <span class='ocr_line' id='line_1_17' title="bbox 227 2152 1314 2252; baseline 0.004 -29"><span class='ocrx_word' id='word_1_107' title='bbox 227 2167 425 2226; x_wconf 89' lang='lat' dir='ltr'><strong>commotus</strong></span> <span class='ocrx_word' id='word_1_108' title='bbox 449 2154 494 2224; x_wconf 90' lang='lat' dir='ltr'><strong>ad</strong></span> <span class='ocrx_word' id='word_1_109' title='bbox 520 2179 678 2250; x_wconf 83' lang='lat' dir='ltr'><strong>pugnam</strong></span> <span class='ocrx_word' id='word_1_110' title='bbox 703 2178 742 2225; x_wconf 90' lang='lat' dir='ltr'><strong>se</strong></span> <span class='ocrx_word' id='word_1_111' title='bbox 768 2155 923 2251; x_wconf 80' lang='lat' dir='ltr'><strong>accingit</strong></span> <span class='ocrx_word' id='word_1_112' title='bbox 947 2165 1120 2252; x_wconf 77' lang='lat' dir='ltr'><strong>necetque</strong></span> <span class='ocrx_word' id='word_1_113' title='bbox 1146 2152 1314 2246; x_wconf 82' lang='lat' dir='ltr'><strong>alterum,</strong></span> 
     </span>
     <span class='ocr_line' id='line_1_18' title="bbox 226 2251 1316 2353; baseline 0.006 -30"><span class='ocrx_word' id='word_1_114' title='bbox 226 2256 376 2324; x_wconf 82' lang='lat' dir='ltr'><strong>aiterum</strong></span> <span class='ocrx_word' id='word_1_115' title='bbox 402 2251 627 2323; x_wconf 85' lang='lat' dir='ltr'><strong>vulneratum</strong></span> <span class='ocrx_word' id='word_1_116' title='bbox 653 2251 812 2324; x_wconf 83' lang='lat' dir='ltr'><strong>dimittit.</strong></span> <span class='ocrx_word' id='word_1_117' title='bbox 873 2257 948 2353; x_wconf 68' lang='lat' dir='ltr'><strong>laur</strong></span> <span class='ocrx_word' id='word_1_118' title='bbox 974 2281 1084 2325; x_wconf 92' lang='lat' dir='ltr'><strong>unum</strong></span> <span class='ocrx_word' id='word_1_119' title='bbox 1111 2255 1202 2346; x_wconf 88' lang='lat' dir='ltr'><strong>hoe,</strong></span> <span class='ocrx_word' id='word_1_120' title='bbox 1240 2258 1316 2330; x_wconf 88' lang='lat' dir='ltr'><strong>uisi</strong></span> 
     </span>
     <span class='ocr_line' id='line_1_19' title="bbox 225 2349 1313 2451; baseline 0.005 -29"><span class='ocrx_word' id='word_1_121' title='bbox 225 2353 370 2450; x_wconf 78' lang='lat' dir='ltr'><strong>egregie</strong></span> <span class='ocrx_word' id='word_1_122' title='bbox 396 2349 522 2445; x_wconf 78' lang='lat' dir='ltr'><strong>fallor,</strong></span> <span class='ocrx_word' id='word_1_123' title='bbox 578 2354 811 2425; x_wconf 88' lang='lat' dir='ltr'><strong>recentiorem</strong></span> <span class='ocrx_word' id='word_1_124' title='bbox 846 2365 985 2451; x_wconf 85' lang='lat' dir='ltr'><strong>poetam</strong></span> <span class='ocrx_word' id='word_1_125' title='bbox 1017 2355 1174 2430; x_wconf 89' lang='lat' dir='ltr'><strong>ostendit</strong></span> <span class='ocrx_word' id='word_1_126' title='bbox 1198 2356 1313 2431; x_wconf 86' lang='lat' dir='ltr'><strong>Stesi-</strong></span> 
     </span>
     <span class='ocr_line' id='line_1_20' title="bbox 223 2450 1313 2556; baseline 0.008 -33"><span class='ocrx_word' id='word_1_127' title='bbox 223 2450 373 2525; x_wconf 88' lang='lat' dir='ltr'><strong>chorum</strong></span> <span class='ocrx_word' id='word_1_128' title='bbox 400 2478 499 2543; x_wconf 87' lang='lat' dir='ltr'><strong>cssc,</strong></span> <span class='ocrx_word' id='word_1_129' title='bbox 544 2465 582 2528; x_wconf 91' lang='lat' dir='ltr'><strong>et</strong></span> <span class='ocrx_word' id='word_1_130' title='bbox 603 2454 866 2554; x_wconf 85' lang='lat' dir='ltr'><strong>antiquioribus</strong></span> <span class='ocrx_word' id='word_1_131' title='bbox 886 2458 1045 2556; x_wconf 86' lang='lat' dir='ltr'><strong>assignat</strong></span> <span class='ocrx_word' id='word_1_132' title='bbox 1065 2456 1167 2530; x_wconf 90' lang='lat' dir='ltr'><strong>Senti</strong></span> <span class='ocrx_word' id='word_1_133' title='bbox 1188 2470 1313 2531; x_wconf 89' lang='lat' dir='ltr'><strong>aucto·</strong></span> 
     </span>
     <span class='ocr_line' id='line_1_21' title="bbox 223 2554 1313 2645; baseline 0.008 -21"><span class='ocrx_word' id='word_1_134' title='bbox 223 2579 321 2645; x_wconf 88' lang='lat' dir='ltr'><strong>rem,</strong></span> <span class='ocrx_word' id='word_1_135' title='bbox 364 2581 432 2629; x_wconf 89' lang='lat' dir='ltr'><strong>nec</strong></span> <span class='ocrx_word' id='word_1_136' title='bbox 456 2554 600 2628; x_wconf 82' lang='lat' dir='ltr'><strong>videtur</strong></span> <span class='ocrx_word' id='word_1_137' title='bbox 624 2567 757 2629; x_wconf 91' lang='lat' dir='ltr'><strong>temere</strong></span> <span class='ocrx_word' id='word_1_138' title='bbox 783 2556 829 2627; x_wconf 87' lang='lat' dir='ltr'><strong>ah</strong></span> <span class='ocrx_word' id='word_1_139' title='bbox 864 2556 928 2628; x_wconf 84' lang='lat' dir='ltr'><strong>illo</strong></span> <span class='ocrx_word' id='word_1_140' title='bbox 955 2584 1043 2629; x_wconf 84' lang='lat' dir='ltr'><strong>nova</strong></span> <span class='ocrx_word' id='word_1_141' title='bbox 1077 2561 1215 2633; x_wconf 84' lang='lat' dir='ltr'><strong>ratione</strong></span> <span class='ocrx_word' id='word_1_142' title='bbox 1242 2573 1313 2632; x_wconf 83' lang='lat' dir='ltr'><strong>tra·</strong></span> 
     </span>
     <span class='ocr_line' id='line_1_22' title="bbox 222 2654 1312 2754; baseline 0.006 -27"><span class='ocrx_word' id='word_1_143' title='bbox 222 2668 353 2728; x_wconf 89' lang='lat' dir='ltr'><strong>ctatum</strong></span> <span class='ocrx_word' id='word_1_144' title='bbox 380 2683 473 2730; x_wconf 79' lang='lat' dir='ltr'><strong>esse.</strong></span> <span class='ocrx_word' id='word_1_145' title='bbox 532 2654 625 2751; x_wconf 82' lang='lat' dir='ltr'><strong>Quis</strong></span> <span class='ocrx_word' id='word_1_146' title='bbox 651 2659 746 2730; x_wconf 87' lang='lat' dir='ltr'><strong>enim</strong></span> <span class='ocrx_word' id='word_1_147' title='bbox 773 2655 918 2729; x_wconf 88' lang='lat' dir='ltr'><strong>Pindari</strong></span> <span class='ocrx_word' id='word_1_148' title='bbox 943 2683 1017 2730; x_wconf 91' lang='lat' dir='ltr'><strong>non</strong></span> <span class='ocrx_word' id='word_1_149' title='bbox 1042 2661 1227 2754; x_wconf 88' lang='lat' dir='ltr'><strong>meminit,</strong></span> <span class='ocrx_word' id='word_1_150' title='bbox 1265 2660 1312 2735; x_wconf 88' lang='lat' dir='ltr'><strong>ab</strong></span> 
     </span>
     <span class='ocr_line' id='line_1_23' title="bbox 221 2755 1158 2857; baseline 0.003 -29"><span class='ocrx_word' id='word_1_151' title='bbox 221 2755 329 2830; x_wconf 87' lang='lat' dir='ltr'><strong>rebus</strong></span> <span class='ocrx_word' id='word_1_152' title='bbox 351 2760 470 2857; x_wconf 89' lang='lat' dir='ltr'><strong>impiis</strong></span> <span class='ocrx_word' id='word_1_153' title='bbox 495 2783 573 2830; x_wconf 84' lang='lat' dir='ltr'><strong>sese</strong></span> <span class='ocrx_word' id='word_1_154' title='bbox 598 2760 636 2828; x_wconf 94' lang='lat' dir='ltr'><strong>in</strong></span> <span class='ocrx_word' id='word_1_155' title='bbox 663 2783 702 2831; x_wconf 90' lang='lat' dir='ltr'><strong>re</strong></span> <span class='ocrx_word' id='word_1_156' title='bbox 727 2758 906 2830; x_wconf 85' lang='lat' dir='ltr'><strong>simillima</strong></span> <span class='ocrx_word' id='word_1_157' title='bbox 933 2760 1158 2833; x_wconf 76' lang='lat' dir='ltr'><strong>revocantis?</strong></span> 
     </span>
     <span class='ocr_line' id='line_1_24' title="bbox 499 2860 692 2935; baseline -0.01 0"><span class='ocrx_word' id='word_1_158' title='bbox 499 2870 568 2935; x_wconf 69' lang='grc' dir='ltr'><strong>ἐπεὶ</strong></span> <span class='ocrx_word' id='word_1_159' title='bbox 596 2860 692 2935; x_wconf 70' lang='lat' dir='ltr'><strong>duria</strong></span> 
     </span>
    </p>

    <p class='ocr_par' dir='ltr' id='par_1_6' title="bbox 320 2962 1310 3064">
     <span class='ocr_line' id='line_1_25' title="bbox 320 2962 1310 3064; baseline 0.008 -30"><span class='ocrx_word' id='word_1_160' title='bbox 320 2967 390 3047; x_wconf 78' lang='grc' dir='ltr'><strong>πῶς</strong></span> <span class='ocrx_word' id='word_1_161' title='bbox 413 2963 455 3035; x_wconf 76' lang='grc' dir='ltr'><strong><em>ἂν</em></strong></span> <span class='ocrx_word' id='word_1_162' title='bbox 478 2962 668 3060; x_wconf 78' lang='grc' dir='ltr'><strong><em>τριόδοντος</em></strong></span> <span class='ocrx_word' id='word_1_163' title='bbox 680 2962 869 3059; x_wconf 63' lang='grc' dir='ltr'><strong><em>Ἠρακλέης</em></strong></span> <span class='ocrx_word' id='word_1_164' title='bbox 886 2962 1049 3038; x_wconf 77' lang='grc' dir='ltr'><strong><em>σκύταλον</em></strong></span> <span class='ocrx_word' id='word_1_165' title='bbox 1062 2970 1173 3051; x_wconf 82' lang='grc' dir='ltr'><strong><em>τὲναξε</em></strong></span> <span class='ocrx_word' id='word_1_166' title='bbox 1186 2979 1310 3064; x_wconf 74' lang='grc' dir='ltr'><strong><em>χερσίν,</em></strong></span> 
     </span>
    </p>

    <p class='ocr_par' dir='ltr' id='par_1_7' title="bbox 323 3063 1158 3162">
     <span class='ocr_line' id='line_1_26' title="bbox 323 3063 1158 3162; baseline 0.008 -28"><span class='ocrx_word' id='word_1_167' title='bbox 323 3064 410 3135; x_wconf 75' lang='grc' dir='ltr'><strong><em>ἁνίκ’</em></strong></span> <span class='ocrx_word' id='word_1_168' title='bbox 445 3063 533 3160; x_wconf 80' lang='grc' dir='ltr'><strong>ἀμφὶ</strong></span> <span class='ocrx_word' id='word_1_169' title='bbox 556 3063 672 3137; x_wconf 80' lang='grc' dir='ltr'><strong><em>Πύλον</em></strong></span> <span class='ocrx_word' id='word_1_170' title='bbox 694 3074 835 3148; x_wconf 74' lang='grc' dir='ltr'><strong><em>σταθεὶς</em></strong></span> <span class='ocrx_word' id='word_1_171' title='bbox 859 3064 967 3162; x_wconf 74' lang='grc' dir='ltr'><strong><em>ἤρειδε</em></strong></span> <span class='ocrx_word' id='word_1_172' title='bbox 992 3074 1158 3141; x_wconf 78' lang='grc' dir='ltr'><strong><em>Ποσειδᾶν</em></strong></span> 
     </span>
    </p>

    <p class='ocr_par' dir='ltr' id='par_1_8' title="bbox 320 3165 1075 3263">
     <span class='ocr_line' id='line_1_27' title="bbox 320 3165 1075 3263; baseline 0.007 -28"><span class='ocrx_word' id='word_1_173' title='bbox 320 3165 447 3257; x_wconf 77' lang='grc' dir='ltr'><strong><em>ἤριιδέν</em></strong></span> <span class='ocrx_word' id='word_1_174' title='bbox 471 3175 507 3236; x_wconf 83' lang='grc' dir='ltr'><em>τὲ</em></span> <span class='ocrx_word' id='word_1_175' title='bbox 531 3194 591 3256; x_wconf 84' lang='grc' dir='ltr'><strong>μιν</strong></span> <span class='ocrx_word' id='word_1_176' title='bbox 615 3165 761 3263; x_wconf 75' lang='grc' dir='ltr'><em>ἀργυρέῳ</em></span> <span class='ocrx_word' id='word_1_177' title='bbox 785 3165 869 3263; x_wconf 79' lang='grc' dir='ltr'>τόξῳ</span> <span class='ocrx_word' id='word_1_178' title='bbox 895 3175 1075 3259; x_wconf 78' lang='grc' dir='ltr'><em>πολεμίζων</em></span> 
     </span>
    </p>

    <p class='ocr_par' dir='ltr' id='par_1_9' title="bbox 324 3265 1127 3364">
     <span class='ocr_line' id='line_1_28' title="bbox 324 3265 1127 3364; baseline 0.007 -29"><span class='ocrx_word' id='word_1_179' title='bbox 324 3271 466 3356; x_wconf 71' lang='grc' dir='ltr'><strong><em>Φοῖβος,</em></strong></span> <span class='ocrx_word' id='word_1_180' title='bbox 503 3266 577 3339; x_wconf 82' lang='grc' dir='ltr'><strong><em>οὐδ’</em></strong></span> <span class='ocrx_word' id='word_1_181' title='bbox 602 3265 717 3350; x_wconf 76' lang='grc' dir='ltr'><strong><em>Ἀίδας</em></strong></span> <span class='ocrx_word' id='word_1_182' title='bbox 742 3267 900 3355; x_wconf 76' lang='grc' dir='ltr'><strong><em>ἀκινήταν</em></strong></span> <span class='ocrx_word' id='word_1_183' title='bbox 922 3272 971 3360; x_wconf 82' lang='grc' dir='ltr'><strong>ἔχε</strong></span> <span class='ocrx_word' id='word_1_184' title='bbox 992 3268 1127 3364; x_wconf 78' lang='grc' dir='ltr'><strong><em>ῥάβδον,</em></strong></span> 
     </span>
    </p>

    <p class='ocr_par' dir='ltr' id='par_1_10' title="bbox 317 3360 1204 3466">
     <span class='ocr_line' id='line_1_29' title="bbox 317 3360 1204 3466; baseline 0.006 -28"><span class='ocrx_word' id='word_1_185' title='bbox 317 3366 441 3462; x_wconf 67' lang='grc' dir='ltr'><strong><em>βρότεα</em></strong></span> <span class='ocrx_word' id='word_1_186' title='bbox 465 3365 605 3457; x_wconf 72' lang='grc' dir='ltr'><strong><em>σώμαθ’</em></strong></span> <span class='ocrx_word' id='word_1_187' title='bbox 634 3360 657 3461; x_wconf 80' lang='grc' dir='ltr'><strong><em>ᾇ</em></strong></span> <span class='ocrx_word' id='word_1_188' title='bbox 682 3365 819 3460; x_wconf 75' lang='grc' dir='ltr'><strong><em>κατάγει</em></strong></span> <span class='ocrx_word' id='word_1_189' title='bbox 839 3373 954 3443; x_wconf 79' lang='grc' dir='ltr'><strong><em>κοίλαν</em></strong></span> <span class='ocrx_word' id='word_1_190' title='bbox 973 3370 1056 3466; x_wconf 76' lang='grc' dir='ltr'><strong><em>πρὸς</em></strong></span> <span class='ocrx_word' id='word_1_191' title='bbox 1083 3369 1204 3462; x_wconf 78' lang='grc' dir='ltr'><strong><em>ἄγυιαν</em></strong></span> 
     </span>
    </p>

    <p class='ocr_par' dir='ltr' id='par_1_11' title="bbox 316 3466 869 3562">
     <span class='ocr_line' id='line_1_30' title="bbox 316 3466 869 3562; baseline 0.009 -24"><span class='ocrx_word' id='word_1_192' title='bbox 316 3467 549 3542; x_wconf 79' lang='grc' dir='ltr'><strong><em>θνασκόντων·</em></strong></span> <span class='ocrx_word' id='word_1_193' title='bbox 597 3466 661 3538; x_wconf 73' lang='lat' dir='ltr'><strong>dud</strong></span> <span class='ocrx_word' id='word_1_194' title='bbox 685 3498 746 3558; x_wconf 84' lang='grc' dir='ltr'><strong><em>μοι</em></strong></span> <span class='ocrx_word' id='word_1_195' title='bbox 768 3469 869 3562; x_wconf 68' lang='grc' dir='ltr'><strong><em>λόγον</em></strong></span> 
     </span>
    </p>

    <p class='ocr_par' dir='ltr' id='par_1_12' title="bbox 315 3568 710 3664">
     <span class='ocr_line' id='line_1_31' title="bbox 315 3568 710 3664; baseline 0.005 -26"><span class='ocrx_word' id='word_1_196' title='bbox 315 3574 436 3642; x_wconf 81' lang='grc' dir='ltr'><strong><em>τοῦτον</em></strong></span> <span class='ocrx_word' id='word_1_197' title='bbox 460 3569 569 3661; x_wconf 84' lang='grc' dir='ltr'><strong><em>στόμα</em></strong></span> <span class='ocrx_word' id='word_1_198' title='bbox 592 3568 710 3664; x_wconf 81' lang='grc' dir='ltr'><strong><em>ῥῖψον·</em></strong></span> 
     </span>
    </p>

    <p class='ocr_par' dir='ltr' id='par_1_13' title="bbox 314 3673 856 3765">
     <span class='ocr_line' id='line_1_32' title="bbox 314 3673 856 3765; baseline 0.006 -26"><span class='ocrx_word' id='word_1_199' title='bbox 314 3676 381 3742; x_wconf 77' lang='grc' dir='ltr'><strong>ἐπεὶ</strong></span> <span class='ocrx_word' id='word_1_200' title='bbox 406 3673 447 3740; x_wconf 83' lang='grc' dir='ltr'><strong>τό</strong></span> <span class='ocrx_word' id='word_1_201' title='bbox 471 3701 508 3760; x_wconf 76' lang='grc' dir='ltr'><strong>γε</strong></span> <span class='ocrx_word' id='word_1_202' title='bbox 532 3675 726 3765; x_wconf 79' lang='grc' dir='ltr'><strong><em>λοιδορῆσαι</em></strong></span> <span class='ocrx_word' id='word_1_203' title='bbox 750 3673 856 3757; x_wconf 75' lang='grc' dir='ltr'><strong><em>θεοὺς</em></strong></span> 
     </span>
    </p>

    <p class='ocr_par' dir='ltr' id='par_1_14' title="bbox 313 3771 1210 3871">
     <span class='ocr_line' id='line_1_33' title="bbox 313 3771 1210 3871; baseline 0.012 -33"><span class='ocrx_word' id='word_1_204' title='bbox 313 3771 421 3864; x_wconf 71' lang='grc' dir='ltr'><strong><em>ἐχθρὰ</em></strong></span> <span class='ocrx_word' id='word_1_205' title='bbox 446 3783 571 3866; x_wconf 74' lang='grc' dir='ltr'><strong><em>σοφία,</em></strong></span> <span class='ocrx_word' id='word_1_206' title='bbox 607 3781 663 3845; x_wconf 85' lang='grc' dir='ltr'><strong>καὶ</strong></span> <span class='ocrx_word' id='word_1_207' title='bbox 687 3773 725 3844; x_wconf 82' lang='grc' dir='ltr'><strong>τὸ</strong></span> <span class='ocrx_word' id='word_1_208' title='bbox 753 3778 947 3865; x_wconf 76' lang='grc' dir='ltr'><strong><em>καυχᾶσθαι</em></strong></span> <span class='ocrx_word' id='word_1_209' title='bbox 971 3773 1062 3871; x_wconf 74' lang='grc' dir='ltr'><strong><em>παρὰ</em></strong></span> <span class='ocrx_word' id='word_1_210' title='bbox 1089 3773 1210 3870; x_wconf 79' lang='grc' dir='ltr'><strong><em>καιρόν</em></strong></span> 
     </span>
    </p>

    <p class='ocr_par' dir='ltr' id='par_1_15' title="bbox 311 3871 680 3963">
     <span class='ocr_line' id='line_1_34' title="bbox 311 3871 680 3963; baseline 0.003 -21"><span class='ocrx_word' id='word_1_211' title='bbox 311 3882 481 3956; x_wconf 75' lang='grc' dir='ltr'><strong><em>μανίαισιν</em></strong></span> <span class='ocrx_word' id='word_1_212' title='bbox 501 3871 680 3963; x_wconf 76' lang='grc' dir='ltr'><strong><em>ὑποκρέκει.</em></strong></span> 
     </span>
    </p>
   </div>
   <div class='ocr_carea' id='block_1_5' title="bbox 211 3958 1303 4072">
    <p class='ocr_par' dir='ltr' id='par_1_16' title="bbox 211 3958 1303 4072">
     <span class='ocr_line' id='line_1_35' title="bbox 211 3958 1303 4072; baseline 0.018 -41"><span class='ocrx_word' id='word_1_213' title='bbox 211 3958 271 4033; x_wconf 86' lang='grc'><strong>01.</strong></span> <span class='ocrx_word' id='word_1_214' title='bbox 304 3968 381 4059; x_wconf 86' lang='grc' dir='ltr'><strong>ΙΧ,</strong></span> <span class='ocrx_word' id='word_1_215' title='bbox 408 3965 463 4039; x_wconf 80' lang='grc'><strong>29</strong></span> <span class='ocrx_word' id='word_1_216' title='bbox 479 4015 529 4026; x_wconf 91' lang='grc'><strong>-</strong></span> <span class='ocrx_word' id='word_1_217' title='bbox 548 3969 602 4041; x_wconf 79' lang='grc'><strong>50</strong></span> <span class='ocrx_word' id='word_1_218' title='bbox 626 3969 685 4042; x_wconf 93' lang='lat' dir='ltr'><strong>cd.</strong></span> <span class='ocrx_word' id='word_1_219' title='bbox 714 3971 858 4045; x_wconf 83' lang='lat' dir='ltr'><strong>Dissen.</strong></span> <span class='ocrx_word' id='word_1_220' title='bbox 927 3973 995 4044; x_wconf 84' lang='lat' dir='ltr'><strong>Cui</strong></span> <span class='ocrx_word' id='word_1_221' title='bbox 1022 3976 1135 4072; x_wconf 89' lang='lat' dir='ltr'><strong>ipsius</strong></span> <span class='ocrx_word' id='word_1_222' title='bbox 1160 3975 1303 4072; x_wconf 78' lang='lat' dir='ltr'><strong>palino-</strong></span> 
     </span>
    </p>
   </div>
   <div class='ocr_carea' id='block_1_6' title="bbox 209 4060 1301 4479">
    <p class='ocr_par' dir='ltr' id='par_1_17' title="bbox 210 4060 984 4146">
     <span class='ocr_line' id='line_1_36' title="bbox 210 4060 984 4146; baseline 0.016 -14"><span class='ocrx_word' id='word_1_223' title='bbox 210 4060 266 4134; x_wconf 88' lang='lat' dir='ltr'><strong>dia</strong></span> <span class='ocrx_word' id='word_1_224' title='bbox 294 4066 491 4143; x_wconf 87' lang='lat' dir='ltr'><strong>Stesichori</strong></span> <span class='ocrx_word' id='word_1_225' title='bbox 516 4074 553 4143; x_wconf 90' lang='lat' dir='ltr'><strong>in</strong></span> <span class='ocrx_word' id='word_1_226' title='bbox 581 4085 733 4144; x_wconf 88' lang='lat' dir='ltr'><strong>mentem</strong></span> <span class='ocrx_word' id='word_1_227' title='bbox 759 4100 831 4146; x_wconf 92' lang='lat' dir='ltr'><strong>uon</strong></span> <span class='ocrx_word' id='word_1_228' title='bbox 862 4074 984 4144; x_wconf 80' lang='lat' dir='ltr'><strong>venit?</strong></span> 
     </span>
    </p>

    <p class='ocr_par' dir='ltr' id='par_1_18' title="bbox 209 4168 1301 4479">
     <span class='ocr_line' id='line_1_37' title="bbox 310 4168 1301 4276; baseline 0.014 -39"><span class='ocrx_word' id='word_1_229' title='bbox 310 4168 496 4246; x_wconf 89' lang='lat' dir='ltr'><strong>Praeterea</strong></span> <span class='ocrx_word' id='word_1_230' title='bbox 519 4173 616 4270; x_wconf 90' lang='lat' dir='ltr'><strong>apud</strong></span> <span class='ocrx_word' id='word_1_231' title='bbox 639 4187 831 4272; x_wconf 90' lang='lat' dir='ltr'><strong>utrumque</strong></span> <span class='ocrx_word' id='word_1_232' title='bbox 847 4174 995 4247; x_wconf 85' lang='lat' dir='ltr'><strong>Herculi</strong></span> <span class='ocrx_word' id='word_1_233' title='bbox 1009 4176 1152 4276; x_wconf 77' lang='lat' dir='ltr'><strong>Cycnus</strong></span> <span class='ocrx_word' id='word_1_234' title='bbox 1172 4179 1301 4251; x_wconf 88' lang='lat' dir='ltr'><strong>insidi·</strong></span> 
     </span>
     <span class='ocr_line' id='line_1_38' title="bbox 209 4268 1300 4373; baseline 0.009 -31"><span class='ocrx_word' id='word_1_235' title='bbox 209 4276 289 4339; x_wconf 75' lang='lat' dir='ltr'><strong>utut</strong></span> <span class='ocrx_word' id='word_1_236' title='bbox 316 4268 452 4373; x_wconf 66' lang='lat' dir='ltr'><strong>(vairpi</strong></span> <span class='ocrx_word' id='word_1_237' title='bbox 476 4275 631 4371; x_wconf 73' lang='grc' dir='ltr'><strong><em>παριόντι</em></strong></span> <span class='ocrx_word' id='word_1_238' title='bbox 654 4284 884 4367; x_wconf 71' lang='grc' dir='ltr'><strong><em>ἐπιβουλεῦσαι</em></strong></span> <span class='ocrx_word' id='word_1_239' title='bbox 907 4277 1079 4366; x_wconf 74' lang='grc' dir='ltr'><strong>ἠθέλησε·</strong></span> <span class='ocrx_word' id='word_1_240' title='bbox 1110 4278 1223 4352; x_wconf 84' lang='lat' dir='ltr'><strong>schot.</strong></span> <span class='ocrx_word' id='word_1_241' title='bbox 1252 4307 1300 4352; x_wconf 85' lang='lat' dir='ltr'><strong>ex</strong></span> 
     </span>
     <span class='ocr_line' id='line_1_39' title="bbox 209 4367 1295 4479; baseline 0.011 -39"><span class='ocrx_word' id='word_1_242' title='bbox 209 4367 387 4459; x_wconf 79' lang='lat' dir='ltr'><strong>Stesich,</strong></span> <span class='ocrx_word' id='word_1_243' title='bbox 436 4373 569 4471; x_wconf 88' lang='lat' dir='ltr'><strong>quibus</strong></span> <span class='ocrx_word' id='word_1_244' title='bbox 607 4374 674 4446; x_wconf 78' lang='lat' dir='ltr'><strong>cir.</strong></span> <span class='ocrx_word' id='word_1_245' title='bbox 712 4388 805 4447; x_wconf 88' lang='lat' dir='ltr'><strong>scut.</strong></span> <span class='ocrx_word' id='word_1_246' title='bbox 834 4402 870 4445; x_wconf 85' lang='lat' dir='ltr'><strong>v.</strong></span> <span class='ocrx_word' id='word_1_247' title='bbox 894 4373 946 4445; x_wconf 84' lang='grc'><strong>66</strong></span> <span class='ocrx_word' id='word_1_248' title='bbox 975 4389 1011 4448; x_wconf 91' lang='lat' dir='ltr'><strong>et</strong></span> <span class='ocrx_word' id='word_1_249' title='bbox 1035 4375 1122 4449; x_wconf 77' lang='grc'><strong>500</strong></span> <span class='ocrx_word' id='word_1_250' title='bbox 1147 4381 1295 4479; x_wconf 83' lang='lat' dir='ltr'><strong>seqq.);</strong></span> 
     </span>
    </p>
   </div>
   <div class='ocr_carea' id='block_1_7' title="bbox 207 4471 1299 4570">
    <p class='ocr_par' dir='ltr' id='par_1_19' title="bbox 207 4471 1299 4570">
     <span class='ocr_line' id='line_1_40' title="bbox 207 4471 1299 4570; baseline 0.016 -28"><span class='ocrx_word' id='word_1_251' title='bbox 207 4471 271 4544; x_wconf 88' lang='lat' dir='ltr'><strong>aed</strong></span> <span class='ocrx_word' id='word_1_252' title='bbox 298 4471 408 4570; x_wconf 73' lang='lat' dir='ltr'><strong>Cycni</strong></span> <span class='ocrx_word' id='word_1_253' title='bbox 432 4477 597 4548; x_wconf 85' lang='lat' dir='ltr'><strong>atrocitas</strong></span> <span class='ocrx_word' id='word_1_254' title='bbox 623 4488 725 4548; x_wconf 85' lang='lat' dir='ltr'><strong>aucta</strong></span> <span class='ocrx_word' id='word_1_255' title='bbox 748 4488 803 4549; x_wconf 88' lang='lat' dir='ltr'><strong>est</strong></span> <span class='ocrx_word' id='word_1_256' title='bbox 828 4476 873 4548; x_wconf 88' lang='lat' dir='ltr'><strong>ab</strong></span> <span class='ocrx_word' id='word_1_257' title='bbox 899 4478 1127 4569; x_wconf 88' lang='lat' dir='ltr'><strong>Stesichoro,</strong></span> <span class='ocrx_word' id='word_1_258' title='bbox 1173 4486 1299 4558; x_wconf 77' lang='lat' dir='ltr'><strong>»anad-</strong></span> 
     </span>
    </p>
   </div>
   <div class='ocr_carea' id='block_1_8' title="bbox 0 0 1526 5264">
    <p class='ocr_par' dir='ltr' id='par_1_20' title="bbox 0 0 1526 5264">
     <span class='ocr_line' id='line_1_41' title="bbox 0 0 1526 5264; baseline 0 10"><span class='ocrx_word' id='word_1_259' title='bbox 0 0 1526 5264; x_wconf 95' lang='lat' dir='ltr'><strong> </strong></span> 
     </span>
    </p>
   </div>
  </div>
 </body>
</html>
