3044 5264
359 432 443 508 soa
494 382 497 389 ⁴
652 431 974 512 moereant
998 431 1158 510 norea.

362 614 564 744 magistris,
591 642 696 715 euru
717 641 781 734 iis,
813 641 877 738 qui
893 637 986 711 nitra
1011 639 1202 711 verborum
1226 621 1458 710 intellectum

362 745 531 847 progredi
561 768 633 815 non
658 752 834 839 poteraut.
886 741 943 812 Ex
969 738 1032 811 tali
1056 763 1188 838 genere
1213 736 1311 836 quod
1333 755 1458 835 neque

362 851 446 922 crisi
479 872 545 919 uec
589 843 712 931 doctae
753 843 1037 940 interpretationi
1071 837 1208 939 aliquid
1251 837 1457 944 adiumenti

253 976 256 983 ’
337 949 456 1032 ,serre
492 946 694 1037 videretur,
749 970 925 1042 perpauca
962 941 1185 1032 memorabo,
1235 965 1328 1037 quae
1364 966 1457 1037 sup·

361 1048 503 1150 plemlis
526 1047 678 1120 aliorum
712 1044 911 1137 iudicibus,
960 1042 1133 1141 imprimis
1160 1039 1377 1135 Fabriciauo¹
1398 1043 1457 1111 in·

361 1154 494 1224 servire
531 1151 684 1247 possint.
757 1146 891 1219 Nullus
924 1147 1020 1219 euim
1050 1144 1143 1216 liber
1178 1142 1455 1233 memorabitur,

361 1273 467 1353 quem
496 1254 571 1348 ipse
597 1275 671 1321 nou
696 1247 845 1320 viderim
876 1259 939 1320 aut
964 1248 1223 1355 usurpaverim.
1277 1245 1456 1316 Omittam

361 1357 465 1428 etiam
492 1351 635 1449 plures,
675 1376 766 1449 quos
793 1351 830 1421 in
855 1350 1019 1421 manibus
1044 1348 1169 1437 habui.

461 1450 567 1524 1495
598 1451 684 1525 cire.
743 1453 889 1523 luitium
921 1449 1051 1523 edendi
1074 1448 1222 1522 Hesiodi
1254 1466 1316 1519 ars
1349 1458 1454 1546 typo·

361 1555 530 1653 graphica
554 1553 638 1625 iecit
665 1548 856 1651 rotgardis
880 1553 967 1625 solis
983 1556 1039 1627 ”E.
1064 1564 1119 1627 καὶ
1132 1553 1189 1628 Ἡ.
1215 1561 1296 1649 post
1317 1550 1453 1620 xvm

361 1658 546 1729 Theocriti
572 1655 721 1753 idyllia,
759 1654 847 1743 tot,
879 1657 959 1727 sine
984 1655 1091 1744 anui,
1128 1650 1199 1726 loci
1228 1664 1265 1724 et
1291 1650 1455 1722 Editoris

359 1761 560 1846 mentione,
600 1757 665 1828 scd
691 1767 730 1828 ut
763 1756 978 1828 litteratores
1007 1781 1053 1826 ex
1085 1754 1270 1826 nonnuliis
1306 1750 1455 1825 iudiciis

282 1876 284 1880 ’
360 1871 455 1933 recte
478 1858 743 1948 coniectorum,
771 1885 806 1929 a.
829 1854 935 1929 id95
964 1855 1023 1929 vei
1047 1869 1088 1929 ut
1114 1858 1232 1953 potius
1258 1851 1452 1926 dicendum

360 1973 448 2061 puto
467 1959 535 2032 suh
564 1988 598 2030 a.
619 1956 725 2029 11195
749 1985 813 2030 sen
832 1958 971 2056 aliqu'ot
991 1984 1046 2030 aa.
1075 1969 1157 2030 ante
1172 1958 1227 2058 i),
1254 1953 1454 2028 Mediolani

359 2074 507 2137 curante
527 2061 709 2131 Demetrio
727 2059 981 2158 Chalcondple.
1036 2060 1138 2131 thius
1161 2060 1257 2132 euim
1285 2058 1450 2150 editoris,

360 2161 461 2234 urhis
473 2173 509 2233 et
523 2163 608 2231 anni
627 2173 729 2231 uotae
745 2159 1315 2258 leguntursuhseriptaeisocrati,
1340 2151 1376 2231 ia
1390 2184 1452 2231 eo·

360 2261 439 2334 dem
457 2261 599 2333 chartae
619 2283 751 2358 genere
774 2261 971 2360 iisdemque
992 2265 1086 2360 tppis
1106 2257 1295 2360 impresso.
1341 2258 1453 2333 Unde

360 2362 506 2454 accidit,
545 2375 585 2432 ut
609 2359 696 2433 alibi
723 2374 794 2434 tres
821 2361 874 2434 iili
900 2390 973 2435 uuo
999 2362 1180 2439 volumine
1205 2363 1318 2436 iuneti
1349 2383 1452 2458 repe·

359 2467 540 2556 rirentnr,
575 2465 732 2536 lsoemte
758 2477 974 2562 praeeunte3
1016 2468 1132 2537 rarius
1158 2478 1299 2555 tamen,
1342 2480 1451 2565 quam

361 2565 533 2639 Isocrates
569 2563 688 2652 solus,
735 2565 842 2664 quale
876 2566 1059 2664 exemplar
1098 2566 1353 2665 perpulchrum
1385 2564 1453 2637 oli·

361 2667 506 2766 quando
549 2668 588 2736 in
622 2665 784 2737 Paullioa
822 2667 912 2748 hihi.
960 2670 1100 2766 Lipsiae
1145 2668 1336 2758 vidimus,
1378 2666 1450 2738 en.

358 2768 487 2855 Vaicir.
516 2767 632 2865 praes.
659 2770 697 2838 in
722 2762 879 2841 Thcoer.
932 2765 1055 2841 Minus
1087 2781 1182 2843 reete
1215 2771 1329 2868 igitur
1361 2768 1451 2840 diei·

360 2880 420 2942 tur
454 2868 542 2946 hsce
578 2869 688 2941 editio
727 2882 860 2966 partem
899 2869 1025 2943 secisse
1062 2871 1228 2944 Isocratis
1259 2882 1296 2942 et
1324 2869 1451 2941 eodem

359 2973 440 3068 ipso
461 2996 556 3042 anno
582 2969 770 3068 prodiisse.
799 2990 802 2996 ⁴
837 2972 942 3044 Prius
979 2992 1100 3044 verum
1133 3000 1205 3044 uon
1242 2998 1342 3062 esse,
1386 2970 1452 3041 ad·

360 3082 503 3167 spectus
520 3072 623 3144 docet
631 3098 643 3166 3
677 3074 855 3169 posterius
878 3099 923 3144 ue
947 3076 1064 3172 ipsum
1089 3074 1236 3174 quidem
1261 3073 1348 3145 estis
1366 3098 1452 3171 pro·

360 3170 478 3244 habite
504 3184 560 3244 est
575 3172 620 3268 θ).
731 3247 734 3251 ⁴

374 3326 383 3341 .
461 3269 567 3342 1495
591 3274 721 3346 Venet.
751 3273 815 3348 fot.
845 3287 996 3375 sequuta
1019 3287 1075 3347 est
1099 3275 1208 3348 altera
1234 3272 1401 3374 princeps
1419 3276 1452 3379 ⁹)

360 3372 418 3445 ed.
449 3373 633 3466 Aldina,
673 3397 765 3473 qnae
790 3378 943 3473 primum
970 3381 1088 3450 omnia
1118 3381 1184 3450 tria
1211 3382 1365 3450 carmina
1388 3406 1451 3451 ex·

359 3472 501 3567 hibuit,
535 3475 723 3548 subiuncta
740 3470 924 3555 Theocriti
948 3478 1085 3578 ldpiliis
1101 3475 1235 3571 XXX,
1264 3480 1450 3578 Theogni-

359 3574 417 3647 dis
453 3580 639 3650 sententiis
674 3580 853 3678 variisqne
890 3580 970 3651 aliis
1016 3584 1054 3652 iu
1092 3582 1196 3652 tituto
1237 3580 1447 3680 designatis.

360 3676 638 3771 Adlextremum
662 3693 718 3753 est
744 3676 892 3754 Hesiodi
917 3673 1140 3781 Theogonis.
1199 3675 1330 3754 Eiusd.
1359 3682 1450 3756 Scu-

378 3933 379 3937 Ἰ
411 3970 441 4032 7)
459 3968 580 4026 Rectius
607 3968 717 4027 Wolfio
741 3969 881 4028 iudicavit
910 3973 1077 4029 Reumrdus
1103 3967 1267 4041 (ittuouerrt
1291 3980 1395 4033 ΑιιιιιΙ.
1414 3981 1451 4038 de

359 4039 381 4091 l'
401 4036 523 4110 imprim.
548 4045 599 4096 des
625 4044 691 4096 ΑΜ.
717 4043 798 4097 trois.
821 4045 867 4098 ed.
896 4063 921 4116 p.
945 4047 972 4106 ὃ)
998 4045 1038 4098 »tt
1061 4056 1106 4100 est
1124 4047 1271 4116 possible,
1294 4065 1350 4115 que
1373 4063 1450 4105 cette

358 4107 477 4231 dedppppl
493 4109 552 4164 soit
569 4113 733 4168 ansericum
750 4113 768 4166 t
785 4113 862 4168 cette
878 4114 1042 4169 d'Atdsde
1058 4117 1198 4184 quelques
1215 4116 1288 4171 nois
1305 4135 1343 4171 ou
1360 4122 1450 4174 meme

481 4199 503 4229 ,ί

410 4246 438 4308 8)
458 4247 509 4301 cfr.
527 4249 565 4302 de
583 4249 637 4303 hae
654 4248 726 4307 edit.
744 4246 875 4307 Wartou.
894 4252 1017 4308 Theocr.
1034 4254 1069 4309 T.
1086 4250 1111 4310 1.
1130 4273 1158 4327 p.
1167 4249 1276 4311 tvm.
1294 4264 1324 4312 et
1336 4256 1449 4315 Iacobo.

358 4314 447 4384 praet.
468 4317 503 4369 ad
522 4316 645 4372 Theocr.
664 4326 692 4387 p:
710 4319 782 4373 xm
800 4337 860 4390 sqq.

390 4383 436 4463 Ι9)
456 4382 501 4436 Do
520 4386 684 4466 Muesuettii
703 4389 884 4452 coniectare,
910 4392 964 4445 iam
981 4403 1046 4449 aute
1065 4394 1166 4448 didam
1185 4392 1339 4447 Manutium
1359 4394 1450 4450 tuisse

358 4451 570 4535 ntiquom,·qur
596 4457 792 4538 'theogonium
808 4461 927 4527 ederet,
954 4463 990 4516 de
1016 4465 1124 4519 emend.
1148 4465 1258 4530 Theog.
1282 4482 1308 4533 p.
1336 4466 1348 4517 Ι
1376 4482 1448 4534 seq,

357 4522 527 4578 diximusne
547 4524 619 4580 hbrr
639 4528 721 4584 iltius
739 4545 859 4585 censure
878 4531 955 4587 itate.
976 4533 1108 4588 Litemts.
1127 4549 1153 4588 ι.
1166 4535 1257 4602 «1836,
1276 4553 1302 4606 p.
1318 4535 1379 4593 asa.
