3044 5264
206 401 259 479 Vl
608 402 887 481 PRAEFATIO.

206 599 330 699 perlici
375 611 412 675 ct
455 603 575 703 copiae
612 603 844 695 Wollionne,
898 600 1021 702 quoles
1057 598 1152 700 apud
1186 597 1287 674 Guil.

209 727 392 821 lioertinm
426 741 638 821 terrentur,
694 728 852 828 patelieri
888 754 992 828 posce
1028 724 1288 826 intelligebam.

208 856 290 928 Feci
316 857 448 954 igitur,
492 857 589 956 qnod
615 859 738 956 potui,
771 884 813 930 nc
839 869 972 931 textum
995 853 1140 956 quidem
1165 857 1292 929 curmi-

208 984 338 1083 nieet
370 982 694 1059 animadversiones
727 985 838 1079 dedi,
893 997 933 1059 ut
968 1012 1034 1085 per
1067 995 1167 1078 erut,
1213 987 1291 1057 eine

209 1110 282 1186 ulle
304 1113 519 1204 mutatione,
557 1114 628 1185 niei
647 1112 745 1213 quod
769 1138 850 1206 cns,
883 1140 975 1213 quue
992 1115 1110 1212 petrin
1128 1137 1292 1188 sermone

210 1240 429 1336 conscriptae
454 1248 578 1327 erunt,
630 1239 669 1310 in
698 1239 849 1312 latinum
875 1243 987 1335 verti3
1046 1238 1182 1314 scholio
1207 1265 1293 1315 vero

210 1363 454 1465 ipeeeddid13
505 1375 541 1435 et
565 1375 770 1462 apparatum
797 1367 980 1457 criticum,
1025 1364 1189 1463 pauculis
1214 1389 1294 1437 rer·

211 1492 270 1565 his
294 1491 473 1588 exceptis,
523 1486 655 1587 quibus
677 1489 809 1564 Wollii
838 1517 969 1564 nomen
999 1493 1173 1590 apposni,
1214 1518 1294 1566 men

212 1648 296 1695 cura
332 1618 588 1691 administravi.
676 1618 757 1713 Quo
792 1620 929 1693 ratione
960 1617 1068 1692 simul
1099 1619 1139 1692 id
1171 1644 1295 1693 conoe·

212 1759 346 1849 qnntns
380 1770 483 1836 snm,
528 1756 568 1818 ut
604 1770 701 1831 mette
732 1746 845 1843 ipsius
870 1744 1131 1820 Hesiodeorum
1169 1749 1295 1820 curmi-

210 1900 297 1946 num
328 1871 499 1962 editioni,
537 1896 643 1970 quom
673 1870 866 1969 perandum
900 1871 1014 1966 duxi,
1060 1875 1164 1973 quusi
1193 1900 1294 1972 pree·

210 2001 370 2075 inderem
391 2000 435 2099 Ἰ.
1353 1972 1360 1984 ¹

288 2128 466 2201 .'l'extnm
491 2139 611 2201 eutem
632 2126 730 2229 quod
754 2153 800 2201 ex
810 2128 942 2203 wollt
966 2132 1219 2230 recognitione.
1236 2156 1296 2205 ex·

212 2253 335 2348 lribni,
370 2265 477 2327 erunt
500 2254 671 2369 sorteque,
704 2257 768 2355 qni
790 2257 1124 2355 reprehendendum
1145 2260 1295 2359 opinen-

213 2392 293 2453 tur:
335 2377 424 2451 milri
450 2403 556 2471 vero,
596 2406 809 2481 quemquem
835 2383 875 2454 in
900 2381 1007 2457 rebue
1031 2386 1296 2484 gravissimiea

213 2506 356 2581 Wolfio
381 2506 625 2601 dissentienti,
664 2509 876 2608 prudentius
901 2521 1019 2584 tumen
1040 2513 1158 2584 visum
1182 2523 1238 2585 eet
1262 2523 1299 2585 et

214 2636 304 2706 meis
328 2631 527 2706 rationibus
547 2634 863 2730 accommodetiue,
897 2639 1044 2711 omnino
1064 2636 1198 2711 nullom
1220 2639 1298 2712 eine

214 2770 350 2858 purtem
375 2763 550 2859 attingere
575 2774 639 2835 eut
658 2764 857 2839 immutare.
922 2764 1016 2839 Nem
1039 2789 1125 2863 pree
1148 2763 1299 2862 reliquis
1360 2856 1362 2861 Ι

284 2993 310 3056 *t
336 2993 411 3048 ilinc
435 3009 480 3047 me
513 2992 707 3059 excusabunt,
745 2992 864 3063 opinor,
900 2989 977 3061 quod
1003 2987 1167 3050 Muetnellil
1197 2990 1299 3060 megin,

216 3095 298 3148 quum
325 3078 427 3135 wottti
455 3078 607 3134 consitium
634 3078 665 3134 in
694 3085 832 3151 epperetu
865 3076 1028 3132 adornando
1060 3086 1197 3146 sequntur
1229 3093 1299 3133 enm.

218 3164 276 3221 llic
300 3166 373 3220 enirn
397 3164 468 3235 qnid
493 3166 636 3233 censerit,
669 3175 765 3235 putent
787 3181 827 3219 ex
850 3162 949 3219 verbio
973 3161 1081 3236 ipeiue:
1119 3162 1198 3219 »Vix
1216 3178 1300 3219 unum

219 3270 257 3309 ex
275 3252 372 3307 decem
389 3250 568 3306 vertentibne
588 3252 666 3309 lectt
686 3251 792 3306 efferre
810 3249 945 3306 sustinui·
999 3249 1087 3307 Quem
1113 3250 1187 3305 enirn
1210 3250 1300 3315 iuvet,

219 3336 245 3392 ei
271 3340 437 3402 (narratum)
463 3337 571 3404 legerit
592 3340 644 3391 Ζεῦ
669 3339 698 3392 ἰιι
723 3337 823 3407 utiquo
845 3337 907 3392 eod.
926 3335 1065 3407 rcrtptnn
1083 3336 1229 3404 (errttnm)
1247 3353 1301 3408 pro

218 3421 299 3484 Ζεύς,
326 3423 354 3476 ἐν
375 3439 429 3494 pro
451 3414 497 3493 riv,
534 3432 565 3479 et
589 3433 728 3480 meent·
756 3423 886 3480 rimiliet
938 3421 994 3480 ttri
1020 3422 1120 3478 volunt
1143 3422 1215 3480 telin
1237 3422 1302 3478 'cibi

220 3509 313 3564 omnic
338 3509 437 3564 efferri
464 3528 502 3565 ex
520 3509 609 3565 codd.
637 3509 807 3582 prneeertim
832 3509 954 3583 prinum
981 3507 1114 3577 collatio,
1142 3519 1173 3565 et
1195 3525 1249 3567 eno
1272 3522 1303 3566 et

219 3596 339 3650 eliorum
365 3595 427 3651 otio
448 3598 602 3653 ebntnntur
625 3594 793 3652 miecrrimc.
846 3594 922 3650 Sene
939 3593 1011 3649 dure
1032 3608 1096 3649 eon
1112 3603 1158 3651 eet
1173 3595 1302 3651 codicem

220 3684 442 3751 conferentium,
466 3694 497 3740 ut
516 3683 600 3739 bunio
616 3683 706 3739 mixte
722 3682 795 3737 melu
812 3681 955 3751 colligere
967 3681 1103 3746 debernt3
1128 3689 1159 3735 et
1175 3679 1203 3735 ri
1220 3697 1303 3750 quent

218 3781 269 3826 eut
296 3770 440 3826 indoctum
463 3780 512 3825 cut
534 3768 771 3838 negligentiorem
795 3767 933 3824 habueris
959 3775 1175 3836 excerptorem,
1209 3768 1246 3822 rtb
1268 3786 1303 3823 eo

219 3872 289 3912 eene
306 3858 400 3912 omniu
419 3872 556 3929 poscere,
578 3854 643 3910 eius
659 3853 767 3910 indicio
784 3853 858 3910 nihil
877 3853 1042 3922 relinquere
1070 3852 1146 3908 utile
1172 3850 1245 3917 erite
1273 3861 1304 3905 ut

219 3942 270 4013 qui
295 3959 382 3998 nuceo
408 3941 572 4008 decutiunt,
615 3938 701 3995 etiem
726 3938 810 3996 ciunt
835 3954 931 3995 eutem
956 3938 1108 4008 eolligunt.
1159 3937 1217 3995 Sed
1241 3939 1304 3992 edi-

219 4042 308 4085 torem
333 4046 415 4085 neno
438 4028 552 4096 adiget,
593 4037 625 4082 ut
648 4041 684 4082 ee
707 4026 800 4082 omniu
823 4028 916 4084 denuo
943 4024 1026 4098 puris
1043 4024 1155 4083 chertie
1172 4036 1304 4096 opponet.

219 4118 274 4173 (lut
294 4116 403 4187 plenem
420 4115 586 4171 varietatem
605 4113 683 4170 lectt.
705 4122 860 4181 quaerunt,
895 4110 943 4167 hie
965 4111 1050 4169 etiem
1072 4109 1251 4182 quisquiliae
1275 4124 1305 4166 et

220 4213 403 4271 pnrgtnentc
420 4200 596 4256 corrodenda
618 4208 707 4255 erunt.
756 4198 827 4253 Nem
844 4197 874 4254 in
891 4199 989 4255 muttit
1007 4195 1198 4268 scriptoribus
1214 4212 1253 4251 ex
1269 4198 1306 4251 60

220 4287 406 4360 coddettcpe
424 4302 557 4342 neonem
576 4286 690 4354 quidem
713 4285 864 4339 lectionem
886 4284 1045 4348 inueneris,
1073 4297 1146 4351 quue
1168 4282 1254 4338 timul
1277 4291 1306 4336 ct

222 4391 289 4428 vere
306 4383 335 4428 et
352 4391 424 4429 noun
440 4368 504 4433 eit-t
541 4371 625 4427 Tulle
649 4371 702 4426 ille
727 4383 813 4443 eeepe
839 4372 968 4451 fugiente
991 4368 1100 4426 celeno
1127 4369 1156 4424 in
1181 4370 1304 4428 cherturn

222 4460 355 4518 coniecit.
