3044 5264
347 376 425 449 216
589 380 899 458 ,APPARATUS
934 384 1157 458 CRlTlCUS.
1306 485 1309 488 ἱ

347 584 444 678 βόσιν
469 579 523 679 (ut
553 592 646 652 reete
677 605 721 652 ex
744 589 842 674 βῆσιν
865 579 1080 683 Larcberus)
1114 584 1136 674 ἥ
1168 591 1236 658 ἐστι
1264 585 1461 683 mopsi«,

348 684 452 758 Snid.
487 691 667 775 »Κὶβησις·
693 684 807 777 arion«
834 709 869 777 p.
884 678 966 753 250
992 681 1152 774 Bernlr.,
1189 684 1307 781 thm.
1331 683 1431 757 Gud.

347 813 385 883 p.
399 781 493 871 525,
508 779 560 851 55
585 789 771 873 afflante,
798 781 869 857 οἷον
893 787 913 873 ἡ
944 794 1071 877 κίβησις
1094 794 1158 858 τῶν
1179 784 1410 883 Ἰσραηλοτῶνι
1422 842 1432 872 ,

349 899 385 958 et
407 886 607 969 eanostris
643 881 744 952 libris
771 883 823 973 T,
870 887 908 953 in
942 912 1013 1054 (pao
1050 898 1172 956 contra
1208 897 1358 956 metrum
1392 889 1432 957 in

314 1011 320 1033 ‘
347 997 448 1059 textu
475 996 529 1056 est
555 996 591 1056 et
612 983 705 1079 apud
726 984 827 1054 Diae.
857 987 894 1054 in
920 1011 957 1056 sc
985 983 1078 1056 oliis.
1133 984 1238 1056 Unus
1260 986 1350 1056 illud
1373 1014 1431 1058 re·

348 1089 442 1183 cepit
467 1085 590 1155 Trinc.
646 1084 742 1155 Haec
772 1085 906 1175 forma,
948 1088 1017 1156 nisi
1045 1085 1168 1176 fallor,
1211 1088 1274 1156 uni
1299 1086 1434 1158 scriba·

238 1264 241 1268 ,
348 1212 427 1259 rum
455 1188 567 1259 errori
601 1185 774 1282 originem
807 1211 905 1255 suana
931 1186 1047 1259 debet.
1113 1187 1193 1257 Hoc
1228 1186 1315 1258 mibi
1350 1213 1434 1284 per·

298 1287 301 1298 “
332 1288 475 1383 ,suadet
508 1288 689 1357 silentium
717 1286 907 1384 Hesychii,
956 1286 1112 1358 conditio
1142 1287 1258 1377 MSS,
1299 1288 1433 1386 quibus

348 1380 437 1461 baec
462 1388 635 1484 scriptura
660 1384 807 1457 debetur
817 1415 829 1480 3
866 1401 902 1459 et
933 1390 1104 1484 imprimis
1133 1387 1277 1459 Orionis
1313 1389 1434 1485 glossa

349 1500 510 1562 accurate
556 1486 773 1558 considerata
816 1500 851 1559 et
890 1515 969 1559 enm
1012 1488 1257 1586 Etynrologieo
1295 1489 1432 1586 Magno

348 1599 561 1686 comparata.
628 1585 744 1658 Etiam
770 1590 808 1657 in
835 1589 946 1661 Panlo
974 1590 1132 1660 Diacono
1158 1590 1240 1661 edd.
1267 1604 1352 1662 vett.
1383 1595 1432 1662 ci·

350 1691 476 1777 desim,
514 1687 577 1760 sed
601 1687 687 1761 boni
712 1687 816 1759 codd.
845 1690 939 1761 cibis.
976 1689 1167 1785 praebent,
1201 1717 1308 1787 quare
1334 1703 1433 1763 recta

351 1786 399 1863 0.
425 1790 591 1862 Mueller.
632 1817 669 1886 p.
693 1786 746 1859 12
790 1792 919 1861 cibisim
954 1793 1125 1885 reposuit.
1159 1837 1210 1847 —
1284 1792 1435 1863 Accedit

350 1893 464 1964 forma
488 1901 629 1984 κίβυσις,
680 1918 785 1988 quam
811 1893 850 1961 in
880 1892 1006 1963 seboll.
1036 1890 1267 1989 Cantabrigg.
1295 1895 1431 1987 reperi·

350 2020 449 2083 muS,
487 2020 522 2062 v.
548 2019 647 2088 supr.
676 2018 712 2087 p.
726 1988 801 2080 55,
830 1992 925 2063 unde
951 2018 1027 2064 eam
1054 1991 1193 2081 hausit,
1222 2004 1261 2062 ut
1286 1995 1428 2088 opinor,

350 2093 500 2190 Steph.,
535 2119 640 2189 quem
667 2093 751 2162 olim
776 2091 989 2163 Commelin.
1014 2093 1205 2183 Heinsius,
1231 2093 1429 2183 Wintert.‚

292 2233 300 2244 =
349 2218 447 2266 nunc
470 2192 710 2289 Goettlingius
735 2195 878 2289 sequuti
902 2205 998 2263 sunt.
1058 2188 1185 2290 Neque
1212 2192 1319 2263 huius
1343 2196 1432 2264 scri·

349 2307 476 2393 pturae
510 2293 698 2389 vestigium
724 2294 761 2361 in
789 2292 965 2391 Hesycbio
996 2304 1123 2365 exstat.
1191 2292 1431 2383 Toterrores

350 2408 467 2467 autem
499 2395 538 2464 in
573 2391 645 2476 illis
680 2391 827 2464 scholiis
851 2393 995 2465 admissi
1021 2406 1127 2484 sunt,
1171 2407 1212 2466 ut
1243 2393 1349 2466 {idem
1385 2398 1431 2465 iis

348 2494 480 2567 babere
504 2521 575 2565 non
598 2495 726 2590 possis.
744 2538 794 2547 -
846 2484 1028 2567 Praeterea
1063 2495 1146 2564 libri
1183 2497 1295 2566 nostri
1328 2521 1431 2591 prae·

348 2596 449 2687 beat,
477 2608 517 2667 ut
541 2590 822 2691 apdpollodor.
850 2596 877 2664 l.
904 2595 930 2666 l.
973 2595 1039 2668 csr.
1069 2597 1187 2693 Heyn.
1210 2595 1248 2686 l,
1275 2623 1312 2691 p.
1336 2592 1426 2666 158.

348 2700 476 2792 addicar
501 2696 701 2767 BDGSV
725 2693 811 2766 Ald.
840 2699 897 2769 lu.
923 2692 957 2767 1.
981 2693 1021 2767 2.
1053 2698 1151 2767 Bass.
1181 2698 1298 2794 Bog.,
1332 2696 1431 2794 quod

349 2813 404 2871 est
429 2800 467 2870 in
492 2796 569 2870 seb.
600 2794 701 2867 lllon.
725 2823 824 2893 supr.
853 2795 978 2893 p.55‚
1006 2798 1123 2868 addita
1151 2800 1339 2893 scriptura,
1376 2830 1430 2895 γρ.

196 2960 200 2965 -
347 2907 491 2995 adplicre,
535 2910 571 2971 et
601 2908 718 2995 κίβιρις
741 2900 789 2968 Α.
864 2897 965 2992 erae
1001 2926 1111 2995 quum
1145 2901 1196 2997 ita
1225 2900 1317 2988 sint,
1368 2901 1430 2998 vix

347 3003 479 3098 aliquis
521 2999 686 3085 audebit,
751 3011 880 3070 certam
925 3002 1154 3096 pronuntiare
1200 3001 1424 3071 sententiam.

349 3100 422 3173 Sed
448 3102 663 3171 tutissimum
690 3100 777 3189 erit,
808 3102 954 3170 formam
981 3111 1100 3192 κίβισις
1125 3101 1292 3190 retinere,
1322 3125 1428 3196 quam

346 3199 544 3298 probarunt
578 3226 646 3269 van
678 3199 867 3290 Swinden,
920 3200 1055 3270 Obsvv.
1083 3201 1208 3272 Misce.
1237 3199 1332 3271 Nor.
1356 3200 1425 3291 lH,

346 3296 1424 3497 bilta.l⁰1¹f¹¹·...³.l.⁰.³l¹¹tll·.l}Hatita:

346 3505 472 3575 Herm.
500 3500 656 3598 Opnscc.
685 3500 711 3572 l.
741 3500 767 3572 l.
812 3529 850 3599 p.
869 3499 958 3572 199.
1012 3499 1181 3573 Leutsclr.
1212 3500 1257 3570 ad
1283 3498 1423 3572 Zenob.

344 3630 480 3777 provv.¹
508 3629 546 3699 p.
572 3599 816 3772 l},paliiqne
848 3607 985 3699 multi,
1044 3603 1112 3675 cir.
1142 3599 1296 3673 Lobecls.
1321 3601 1426 3673 Para·

424 3757 434 3777 .
566 3754 575 3774 .
650 3725 687 3773 n.

371 3733 419 3805 pp
444 3730 560 3875 22⁹5?
593 3802 748 3904 ἀργυρέη]
775 3813 934 3905 ἀργυρέῳ]
964 3832 1012 3875 m.
1042 3851 1091 3863 -—
1144 3800 1305 3901 θύσανοι]
1340 3804 1427 3878 dio·

343 3937 440 3982 σανοι
459 3911 504 3977 Α.
524 3949 574 3959 ·-—
624 3916 864 4006 κατῃωρεῦντο]
889 3918 1116 4007 κατῃωροῖιντο
1129 3905 1172 3976 L.
1211 3911 1425 3999 κατηωρῶντο

343 4000 393 4075 Η.
447 4015 662 4103 κατηοροῦντο
687 4007 811 4078 Trlnc.
863 4016 1102 4101 κατηβορεῦντο
1129 4008 1170 4077 C.
1239 4008 1426 4075 Praeterea

342 4118 404 4176 aut
439 4139 543 4193 κατη-
587 4118 648 4177 aut
683 4140 787 4208 narp—
835 4106 997 4178 scribunt
1043 4106 1126 4177 libri
1171 4117 1207 4178 et
1253 4105 1421 4187 editores,

341 4213 443 4303 quae
461 4232 534 4275 nou
560 4231 650 4301 opus
676 4220 749 4297 est,
787 4206 948 4303 pluribus
974 4205 1092 4278 verbis
1117 4207 1287 4279 indicare.
1342 4204 1424 4274 Vox

341 4309 418 4403 ipsa
436 4307 474 4374 in
485 4304 643 4376 Homero
666 4333 737 4376 nou
763 4306 908 4406 legitur.
948 4309 1114 4380 Ceterum
1135 4333 1347 4405 quamquam
1375 4307 1423 4374 ita

340 4408 457 4479 omnia
484 4429 562 4476 susc
588 4407 789 4504 excipiunt,
829 4421 869 4480 ut
896 4408 1054 4507 prudens
1080 4408 1191 4481 lector
1225 4409 1285 4478 vix
1312 4406 1424 4505 possit
