3044 5264
532 415 753 494 lMlTATlO
790 416 990 492 nonnul.
1224 410 1302 489 541

214 648 327 723 qnnm
349 647 393 695 ex
419 622 543 719 epicae
565 622 683 719 poesis
709 618 872 719 legibus,
899 617 944 692 ab
961 620 1152 721 Lessingio
1170 624 1302 722 optimc

213 725 425 815 intellectis,
476 749 550 794 nou
575 734 700 820 posset
725 721 830 793 nobis
858 722 927 794 nisi
956 721 1157 796 Vulcano·
1185 729 1303 823 operis

213 824 376 926 singulas
411 837 530 922 partes
568 823 809 922 perficientem
844 822 1061 921 produceret
1121 824 1192 901 hac
1216 830 1303 925 'ipsa

213 955 256 1002 rc
290 925 577 1024 impediebatur,
630 952 703 1024 qno
734 927 854 996 minus
886 924 1049 997 ordinem
1084 927 1298 1026 imaginum,
1340 947 1344 956 ·

214 1028 339 1128 quales
372 1026 482 1101 Scuto
518 1026 686 1099 absoluto
716 1029 816 1099 cerni
849 1053 869 1097 u
906 1037 1104 1122 spectatore
1137 1029 1301 1129 singulus

213 1133 382 1226 deinceps
400 1130 614 1227 potuissent,
628 1130 837 1224 simpliciter
850 1139 1072 1224 sequeretur.
1101 1132 1200 1203 Hinc
1211 1132 1300 1204 ‹lilli-

214 1233 364 1306 cnltntes
390 1231 472 1305 illac
489 1229 634 1302 obortae
650 1241 736 1302 sunt
752 1230 839 1300 viris
856 1228 983 1320 doctis,
996 1313 1003 1328 .
1016 1231 1079 1328 qni
1096 1230 1301 1332 digerendis

213 1331 367 1432 singulis
387 1331 515 1431 liguris
532 1332 734 1405 Homericis
755 1355 896 1427 operam
919 1329 1106 1405 dederunt.
1173 1337 1299 1434 ltaque

215 1462 300 1508 num
315 1433 403 1533 qnid
418 1446 523 1532 putas
540 1433 725 1522 imitatori,
748 1433 850 1504 cuins
864 1430 955 1501 illud
973 1434 1089 1528 ipsum
1109 1436 1300 1510 consilium

215 1540 334 1608 animo
370 1535 568 1626 insidebat,
622 1534 729 1606 Sonti
759 1532 1032 1629 descriptionem
1059 1536 1317 1631 Homericam,

215 1641 244 1710 si
271 1638 350 1709 fieri
375 1649 518 1735 posset,
563 1661 755 1733 soporare,
791 1645 827 1707 ct
856 1633 996 1706 facilius
1020 1636 1137 1708 visum
1161 1664 1238 1712 csse
1264 1652 1302 1713 et

212 1741 328 1840 magis
353 1739 618 1829 necessarium,
660 1748 700 1808 ut
732 1762 812 1807 rem
843 1737 991 1832 propius
1016 1734 1062 1808 ad
1096 1740 1182 1811 artis
1215 1766 1299 1812 nor·

213 1868 306 1914 mam
333 1843 559 1930 institueret,
599 1865 705 1936 quam
732 1835 880 1909 meliorc
905 1848 941 1909 et
965 1840 1183 1912 accuratiore
1207 1839 1300 1939 lign-

213 1970 333 2014 rnrum
365 1942 490 2014 ordine
515 1942 684 2035 invecto,
730 1949 839 2010 totam
865 1936 965 2009 Scnti
991 1938 1147 2012 indolem
1174 1951 1212 2014 ct
1236 1969 1307 2014 uae

212 2055 331 2116 turam
364 2069 482 2115 corum
515 2053 752 2137 spectatorum
780 2040 892 2111 oculis
924 2039 1065 2136 planius
1098 2052 1135 2114 ct
1167 2046 1301 2116 rectius
1420 2091 1424 2099 =

213 2143 438 2216 monstrare?
504 2143 604 2215 Talia
642 2145 735 2214 enim
773 2143 967 2213 imitatores
1003 2166 1144 2238 semper
1178 2145 1300 2216 rimari

213 2245 344 2319 solent.
422 2244 482 2316 Ab
516 2242 672 2316 umbone
711 2244 823 2341 igitur
846 2242 946 2314 Sonti
973 2241 1141 2315 Hesiodei
1176 2257 1301 2318 auctor

212 2348 258 2419 nd
289 2373 385 2420 oram
413 2348 491 2419 eius
517 2345 766 2443 progredi-tur,
813 2353 849 2415 ct
872 2342 990 2415 medio
1020 2345 1126 2416 etiam
1160 2347 1197 2417 in
1223 2373 1300 2418 ear·

213 2451 332 2539 mine,
380 2450 411 2518 si
433 2473 506 2518 non
534 2446 689 2542 ubique,
736 2447 774 2514 in
799 2445 845 2514 iis
870 2455 965 2514 certo
991 2442 1103 2534 locis,
1143 2446 1206 2518 nbi
1233 2450 1301 2520 im·

213 2552 343 2647 primis
369 2547 607 2620 necessarium
644 2543 852 2632 videbatur,
905 2542 1101 2642 figurarum
1138 2548 1300 2621 ordinem

213 2647 442 2721 audienti-hus
468 2646 528 2718 vel·
550 2644 753 2744 legentibus
776 2655 937 2716 accurate
960 2642 1148 2746 aperitii).
1201 2648 1302 2721 anc

214 2753 305 2822 ratio
327 2751 415 2820 mihi
442 2749 617 2845 imprimis
642 2758 828 2843 propterca
864 2743 1060 2841 probabilis
1085 2757 1163 2839 cst,
1215 2751 1302 2847 quia

214 2856 254 2924 in
288 2875 468 2923 armorum
504 2848 724 2946 reliquorum
752 2847 999 2942 >descriptione
1038 2859 1173 2921 rectam
1206 2852 1300 2923 viam

217 2980 286 3025 non
304 2952 470 3051 reliquit,
495 2949 557 3022 scd
579 2952 627 3021 ita
644 2961 684 3020 nt
705 2950 742 3019 in
763 2946 925 3044 exemplo
944 2973 1010 3020 sno
1027 2949 1180 3041 viderat,
1207 2951 1300 3027 Her·

214 3055 330 3128 cnlcm
355 3079 434 3126 sese
452 3054 559 3124 armis
580 3050 786 3122 induentem
804 3050 1012 3146 proposuit,
1046 3051 1113 3121 cir.
1129 3050 1297 3153 Lessing.

214 3155 449 3229 moexvl.
529 3154 695 3226 (lotorum
739 3161 933 3223 memoratu
974 3148 1144 3248 dignum,
1203 3152 1301 3252 quod

214 3259 278 3355 qni
313 3267 436 3353 postea
469 3255 578 3328 Scuta
613 3254 761 3326 heroum
799 3251 1040 3347 descripsere,
1089 3252 1299 3354 plerumque

215 3360 285 3430 hac
307 3360 345 3432 in
371 3383 410 3429 re
437 3381 512 3428 non
526 3356 699 3447 Homeri,
745 3352 810 3428 sed
831 3354 1019 3426 imitatoris
1043 3357 1157 3428 nostri
1182 3371 1300 3430 exem·

214 3464 315 3558 plum
338 3459 482 3556 sequuti
508 3469 601 3529 sunt.
1153 3521 1155 3532 ,
1238 3526 1241 3531 ,

210 3636 216 3644 ,
314 3560 427 3632 Aliud
462 3558 653 3631 discrimen
686 3558 782 3630 inter
816 3555 966 3631 Scotum
999 3558 1231 3633 Homericum
1267 3571 1303 3633 ct

215 3672 376 3733 nostrum
410 3660 621 3733 Eustathius
657 3660 725 3732 iam
765 3656 992 3735 ‘observavitz
1032 3663 1113 3736 nd
1147 3662 1178 3735 δ’
1218 3663 1303 3736 ἄλλα

214 3767 340 3854 πολλὴν
367 3775 430 3858 ἔχει
459 3762 668 3860 φαιδρότητα
697 3773 753 3836 καὶ
777 3770 933 3858 λαμπροῖς
955 3771 1080 3859 μετέχει
1104 3769 1166 3852 τῆς
1191 3761 1305 3859 ἱλαρό-

214 3897 327 3953 τητος,
360 3871 418 3938 οὐκ
436 3864 574 3962 ἀφιεῖσα
595 3867 908 3938 κατανεανιεύεσθαι
924 3872 983 3952 τῆς
1000 3865 1187 3960 Ὁμηρικῆς
1205 3865 1305 3939 into·

214 3977 326 4052 πυιΐᾱς
352 3968 413 4055 τὴν
435 3966 604 4040 'Hotddou'
632 3963 811 4063 patiantur
843 3971 984 4053 ἀσπίδα,
1026 3967 1070 4052 ὦς
1102 3966 1121 4038 ὁ
1152 3965 1305 4058 ἐντυγχά-

214 4100 279 4144 νων
307 4077 464 4144 atomon·
500 4063 546 4137 nd
573 4063 619 4137 ll.
647 4059 806 4161 pllllll
825 4065 933 4141 Rom.
986 4066 1182 4139 Homerum
1207 4067 1303 4140 cuim

282 4303 327 4367 Ἃ)
363 4300 410 4354 De
438 4299 518 4354 Senti
544 4300 684 4355 llerlodel
710 4297 814 4369 figuris
842 4298 876 4356 in
898 4301 1028 4357 ordinem
1057 4296 1226 4366 digerendis
1248 4314 1304 4352 non

216 4378 276 4433 ost,
311 4371 387 4436 quod
406 4369 572 4437 singulatim
590 4386 739 4441 exponam.
794 4370 983 4429 Otiumenim
1010 4372 1040 4427 in
1067 4370 1216 4438 plerisque
1235 4367 1306 4422 lecit

213 4438 286 4491 milri
306 4440 360 4492 Od.
380 4441 558 4509 Muellerus,
591 4455 726 4508 quocum,
745 4440 795 4495 ubl
813 4455 869 4497 non
887 4438 1008 4511 disertis
1027 4438 1124 4494 verbis
1143 4438 1173 4494 ln
1191 4451 1305 4494 conna-

214 4506 274 4562 rlaa
292 4517 389 4580 parter
406 4509 540 4582 disputo,
571 4509 728 4566 consentio.
1132 4514 1137 4520 '
