3044 5264
496 400 775 480 PRAEFATIO.
1108 402 1188 487 vlt

90 597 258 674 omnibus
293 599 332 674 icl
368 604 591 701 potissimum
632 601 853 679 efficiendum
886 614 983 695 erat,
1034 614 1075 677 ut
1109 616 1181 678 tota

69 712 232 803 ‘wotffi
264 728 445 806 desento
473 730 637 805 Herculis
668 733 842 806 sententia
870 729 1073 831 legentibus
1096 758 1180 831 ape·

92 860 246 951 rhetor,
273 883 367 957 quae
395 883 469 931 non
485 859 606 933 minus
621 883 667 933 ex
687 859 894 933 recensione
908 868 1041 949 textus,
1072 886 1181 957 quam

94 1013 141 1060 ex
181 985 548 1061 animadversionibus
592 986 820 1088 intelligitur.
885 987 1025 1092 'Meam
1061 989 1175 1086 igitur

94 1113 380 1216 qualemcunque
427 1115 472 1189 ‹le
504 1114 657 1216 singulis
695 1114 858 1191 versibus
899 1118 1104 1216 opinionem
1143 1117 1183 1189 iu

94 1248 276 1343 Apparetu
314 1245 439 1318 critico
470 1244 692 1345 significavi,
745 1243 804 1319 vel
826 1248 946 1344 potins
977 1245 1089 1319 latere
1118 1271 1181 1318 vo·

95 1374 165 1467 lui,
183 1398 229 1446 ne
243 1400 324 1447 cum
337 1372 547 1467 Wollianis,
570 1399 649 1448 mea
666 1373 773 1447 laude
788 1371 898 1474 longe
917 1373 1180 1473 superioribus,

94 1502 343 1574 miscerentur.
398 1500 566 1575 Ceterum
591 1499 636 1575 de
650 1500 783 1575 Wollii
806 1501 993 1576 conatibus
1017 1514 1181 1596 nonest,

96 1627 196 1728 quod
229 1627 340 1702 multa
371 1627 508 1722 dicam,
556 1642 709 1728 quornm
742 1627 788 1702 de
823 1631 957 1703 causus
993 1630 1071 1729 ipsc
1109 1629 1182 1704 dis·

94 1757 222 1829 seruit.
287 1754 332 1828 lu
358 1765 504 1828 externa
528 1755 643 1828 forma
667 1755 877 1828 Homericae
902 1765 957 1829 est
983 1757 1185 1830 recensioni

94 1884 184 1957 haec
218 1880 369 1955 Hesiodi
403 1881 601 1980 recognitio
628 1878 830 1976 simillima,
887 1892 1048 1956 eecurnte
1080 1884 1178 1956 cuim

96 2011 419 2111 interpunctionem
445 2035 491 2082 ex
512 2034 553 2083 ea
576 2010 656 2109 lege
677 2009 852 2104 institnit,
879 2037 987 2111 qnam
1012 2013 1051 2085 in
1077 2011 1185 2087 eden·

41 2228 47 2239 ἱ
101 2138 156 2213 slis
186 2138 335 2212 Homeri
369 2135 587 2211 carminibus
617 2134 689 2210 sibi
719 2138 934 2237 retinuerat,
990 2139 1106 2238 praet'.
1143 2165 1182 2238 p.

47 2343 52 2351 ‚
99 2266 322 2363 LXXV1113
371 2264 467 2338 idem
489 2265 624 2365 ’Λρήῖος
652 2275 690 2337 et
719 2271 921 2367 Διοτρεφής,
971 2293 1045 2341 non
1071 2269 1186 2368 cipr‘toc

99 2406 137 2467 et
167 2395 343 2497 ὃιοτρεφὴς
372 2392 494 2485 dedit,
541 2391 590 2465 il).
620 2418 659 2491 p.
679 2390 905 2491 LXXXlll3
955 2397 1037 2472 rinei
1062 2406 1099 2469 et
1122 2428 1185 2471 πα-

100 2531 159 2621 ραὶ
178 2521 385 2621 similesque
407 2520 542 2594 formas
557 2521 708 2594 intactas
728 2518 890 2620 reliquit,
916 2517 969 2593 ih.
984 2548 1022 2620 p.
1034 2519 1184 2629 LXlll,

101 2649 144 2719 in
166 2646 242 2721 tine
252 2672 420 2721 versuum
444 2675 491 2721 ex
513 2648 721 2722 auctoritato
743 2647 829 2721 libri
844 2647 1058 2722 Tricliniani
1082 2681 1102 2725 ν
1124 2646 1185 2721 ad·

104 2772 217 2870 didit,
273 2771 337 2846 uhi
374 2799 467 2847 nova
500 2773 621 2881 aliqua
656 2778 824 2849 carminis
853 2804 957 2876 pars,
1004 2777 1064 2852 vel
1094 2803 1187 2852 nova

101 2902 205 2976 Senti
225 2903 343 3003 imago
367 2902 516 3001 incipit,
547 2899 737 2976 Schmidtii
759 2913 796 2977 et
817 2902 1045 2977 Wintertoni
1069 2929 1187 2978 exem-

101 3035 204 3132 plum
227 3034 372 3124 minus,
428 3057 535 3131 qnam
567 3056 651 3104 suus
683 3032 798 3132 ipsius
830 3056 973 3106 caussas
996 3043 1185 3133 sequutus,

101 3161 143 3234 ic
165 3173 209 3236 ut
232 3163 351 3235 stetim
376 3162 413 3233 in
436 3159 559 3234 oculos
591 3157 789 3259 legentium
813 3163 1032 3255 incurreret,
1079 3161 1186 3235 effici·

103 3285 237 3360 endum
262 3287 422 3360 curuuite
471 3286 626 3386 deniqne
651 3288 690 3358 in
712 3287 896 3388 plerisque
921 3288 1015 3362 viam
1038 3287 1187 3361 candem

104 3416 289 3515 ingressus
331 3426 409 3506 est,
486 3438 593 3512 quam
630 3398 678 3485 in
720 3415 919 3489 Homericis
969 3414 1187 3490 carminibus

102 3547 263 3619 omnium
289 3543 418 3644 plnnsu
444 3567 522 3615 esse
542 3553 722 3641 exceptam
744 3555 904 3619 senserat
917 3543 960 3646 ⁶).

171 3787 199 3851 *)
225 3785 386 3840 nolendum
410 3793 468 3852 est,
503 3785 579 3855 qnod
602 3786 657 3842 iam
678 3788 732 3842 huc
754 3787 784 3843 in
808 3798 890 3861 purte
912 3806 968 3847 uon
991 3791 1085 3846 omnia
1109 3796 1188 3848 recte

104 3871 186 3942 typis
205 3870 446 3940 exscripserunt.
497 3872 700 3945 Reponendnm
719 3873 794 3929 enim
817 3890 922 3930 comma
946 3889 991 3934 eet
1014 3893 1054 3932 vs.
1069 3879 1104 3932 37
1121 3887 1189 3949 post

103 3972 203 4012 rocem
222 3955 381 4020 Τυφαόνιον,
415 3961 450 4015 79
466 3968 533 4031 post
549 3961 661 4024 Ιχουσιν,
694 3962 729 4015 90
747 3971 811 4031 post
826 3965 936 4031 τοκῆας,
963 3964 1075 4031 (contre
1090 3964 1190 4020 deten-

102 4044 172 4099 dnm
189 4052 256 4116 post
272 4041 363 4112 ᾤχετο)
384 4046 419 4102 96
431 4056 498 4116 post
514 4042 604 4108 ἀέξων,
629 4046 680 4101 105
698 4057 764 4118 pest
780 4044 843 4113 ἄνες
877 4049 961 4103 colon
976 4051 1011 4105 62
1030 4056 1094 4120 post
1106 4045 1190 4121 Ἦρα-

104 4131 220 4200 ιληιίην,
246 4140 277 4187 et
292 4133 343 4187 ³91
361 4142 428 4203 post
444 4130 536 4203 δειρήν.
579 4131 613 4187 ln
631 4149 701 4188 voce
717 4132 793 4185 nostr
808 4136 859 4188 777
877 4142 907 4190 et
920 4131 1040 4188 Ἰαωλκόν
1055 4137 1107 4191 476
1123 4150 1192 4189 acu·

104 4224 153 4271 tus
171 4215 375 4272 restituendus.
428 4217 583 4274 Praetereo
601 4219 749 4288 tegendum
771 4221 822 4275 291
846 4221 949 4276 ἔπιτνον
969 4233 999 4278 et
1024 4225 1074 4279 16⁰
1096 4227 1192 4293 erepe-

101 4306 174 4368 χντα.
215 4303 339 4359 Errores
357 4303 469 4368 misni,
494 4315 525 4361 ut
541 4302 624 4357 οὐκέτ’
643 4308 688 4370 5⁰,
708 4302 865 4372 urracam,
883 4307 988 4362 sustuli
1006 4316 1036 4362 et
1053 4307 1193 4362 detectum

102 4405 165 4444 sec.
184 4397 214 4445 et
229 4390 301 4462 spir.
321 4390 352 4446 iu
368 4407 439 4446 voce
456 4389 565 4444 ἕστασαν
581 4393 631 4447 191
650 4402 681 4448 et
698 4394 748 4449 196
765 4394 907 4465 supplevi.
943 4392 1191 4453 Praetereunt·

104 4475 364 4550 pseustncputrom
383 4481 415 4534 tt
433 4487 463 4536 et
479 4481 530 4545 tt,
565 4474 598 4539 ὃς
613 4477 639 4532 ot
656 4478 723 4546 ne,
756 4476 806 4531 ὑπ’
825 4482 884 4538 387
968 4525 970 4527 .
