3044 5264
209 400 297 475 500
484 406 702 498 CODICUM
731 407 1024 486 DESCRIPTIO.

210 632 304 679 rem:
352 618 474 706 postea
505 607 598 681 idem
624 608 714 680 illud
739 606 919 681 interdum
945 605 1096 707 quidem·
1112 605 1304 680 difficulte-

126 752 128 757 ·
211 719 265 780 tes
288 713 431 781 creavit.
487 709 570 782 Non
605 711 720 782 solum
757 713 851 782 enirn
879 711 946 779 viri
973 710 1025 783 illi
1053 710 1147 781 deuii
1172 735 1211 781 se
1238 708 1303 781 ad·

105 870 108 877 .
209 809 381 882 iuvabant
411 813 583 903 invicem,
635 839 746 910 quum
774 812 868 882 elius
897 811 1000 883 elium
1035 810 1118 881 libri
1145 812 1302 909 seriptu-

210 937 285 982 rum
321 912 436 984 oeulis
468 911 774 985 animadvertisset
809 924 845 986 et
869 925 1046 1002 nutasset,
1095 912 1157 984 sed
1191 914 1301 986 etiem

212 1011 282 1083 sibi
305 1016 573 1111 repugnabunt,
611 1016 660 1087 ita
685 1027 725 1087 ut
751 1014 848 1113 quod
873 1015 962 1087 ulier
984 1012 1199 1104 affirmabat,
1236 1041 1301 1087 ne·

212 1126 314 1213 gnret
346 1116 448 1187 aiter.
514 1115 728 1215 Ubicunque
761 1115 799 1187 id
835 1115 967 1189 suetum
1009 1128 1063 1191 est
1089 1160 1140 1173 -
1164 1117 1302 1188 fretum

212 1228 329 1288 eutem
364 1229 418 1289 est
452 1219 632 1290 rarissime
665 1265 717 1277 —
747 1229 939 1316 utrumque
972 1217 1167 1290 uelandum
1194 1216 1301 1308 duxi,

214 1320 314 1389 testis
337 1318 480 1405 nomine
509 1318 642 1391 addito.
698 1317 772 1391 Sed
800 1322 903 1391 etium
933 1319 1063 1392 hucin
1090 1344 1211 1391 reme
1238 1318 1302 1390 ud·

211 1419 323 1510 iuvit,
360 1418 456 1518 qued
482 1421 617 1490 similes
637 1419 810 1493 habebam
845 1420 957 1495 libres
991 1420 1140 1526 etquid
1172 1446 1301 1495 verum

212 1530 325 1615 esset,
363 1522 440 1623 ipse
465 1523 641 1604 coniicere
666 1535 841 1629 poteram.

691 1849 728 1953 5.
772 1845 814 1921 e.

521 2053 804 2118 scholiorum
840 2049 983 2131 origo.

312 2239 415 2332 Quae
439 2237 484 2310 de
509 2250 621 2311 aetate
639 2238 812 2310 librorum
831 2237 1165 2333 manuscriptorum
1184 2239 1300 2338 signi·

210 2339 415 2429 dicavimus,
456 2365 608 2438 quorum
633 2340 756 2412 nullus
783 2353 856 2430 est,
894 2340 956 2438 qui
983 2342 1163 2411 saeculum
1191 2367 1301 2439 quar·

201 2448 286 2516 'ium
313 2441 490 2513 decimum
512 2441 719 2514 unteeednts
745 2441 815 2513 elia
832 2467 897 2514 nos
918 2452 1053 2539 cogunt
1078 2444 1296 2539 antiquiora,

211 2545 242 2615 si
267 2544 346 2615 dier-i
372 2545 505 2638 pessit,
541 2569 659 2615 rerum
686 2546 887 2619 eritieerum
912 2542 1115 2614 adiumenta
1149 2546 1300 2642 conqui-

210 2672 303 2720 rere.
359 2646 412 2718 Ea
440 2658 807 2737 vennunculam,
847 2646 916 2715 uisi
942 2642 1171 2734 insciolus,
1209 2672 1300 2742 quo-

210 2775 290 2819 rum
320 2747 438 2846 eliqua
476 2749 564 2843 ipsis
599 2746 697 2818 hisee
735 2749 772 2817 iu
805 2745 908 2818 libris
942 2748 1043 2843 eopia
1075 2744 1180 2817 nobis
1206 2748 1301 2820 ructa

210 2863 275 2921 esi.
333 2851 387 2919 De
413 2847 479 2918 liis·
493 2850 604 2946 igitur
630 2850 730 2945 prius
757 2848 955 2947 egendum,
988 2872 1113 2946 -=quum
1146 2847 1190 2920 de
1220 2874 1300 2921 eur·

209 2953 316 3024 miuis
343 2951 478 3041 formu,
518 2952 657 3047 qualem
681 2948 763 3020 iibri
790 2948 974 3047 praebent.

310 3057 362 3124 Ae
403 3053 558 3148 primum
604 3051 747 3149 quidem
790 3076 902 3147 panea
937 3047 1047 3120 uerba
1084 3049 1128 3122 de
1161 3051 1300 3149 Argu-

209 3155 373 3225 mentis
399 3152 548 3223 dicenda
575 3165 681 3244 sunt,
729 3177 821 3251 quae
853 3177 992 3246 semper
1018 3152 1093 3223 sere
1124 3154 1161 3222 in
1196 3152 1301 3224 sehu-

208 3253 338 3325 lioruru
374 3256 577 3325 societatem
604 3253 762 3325 vocanda
789 3279 877 3325 esse·
899 3263 999 3349 pule.
1051 3252 1208 3350 'Duplex
1235 3279 1300 3325 uu·

184 3387 188 3393 ·
210 3369 280 3433 tem
307 3356 529 3453 potissimum
555 3368 717 3452 superest
739 3356 935 3443 enarratio,
967 3353 1098 3446 alteru,
1128 3382 1233 3453 quum
1253 3381 1300 3428 ex

209 3457 314 3530 codd.
341 3457 445 3526 ΑΕΓ
471 3455 632 3527 dedimus
658 3483 695 3552 p.
711 3453 786 3547 21,
830 3482 991 3554 quinoque
1018 3458 1123 3526 eiiam
1151 3459 1188 3525 in
1215 3457 1299 3528 Tri-

210 3559 364 3631 eliuieno
404 3569 440 3629 et
472 3556 759 3656 Cantabrigiensi
796 3558 940 3646 codiee,
993 3557 1055 3627 sed
1089 3570 1299 3630 ornamento

209 3688 276 3732 suo
301 3662 438 3757 privata
461 3660 488 3732 i·
511 3687 544 3731 e.
573 3661 651 3730 sins
677 3657 813 3730 scholio
839 3661 900 3729 iilo
918 3656 1170 3747 celeberrime,
1199 3661 1300 3757 quod

208 3788 282 3833 nun
310 3762 484 3837 immerito
511 3760 746 3835 Ruhnkeuius
773 3758 1017 3857 pererudiluru
1050 3761 1207 3850 vocaus,
1241 3788 1298 3833 re·

208 3865 365 3960 peritur3
413 3863 524 3935 ultera
548 3889 654 3950 vern,
695 3889 799 3959 qutun
829 3862 1058 3932 Heinriehius
1089 3864 1225 3958 primus
1253 3890 1299 3935 ex

208 3964 288 4035 eod.
317 3964 349 4032 V
376 3962 506 4055 edidit,
543 3990 581 4060 p.
601 3960 678 4052 di,
724 3962 940 4035 liuhulrenio
973 3964 1042 4033 iem
1070 3975 1211 4054 notem,
1257 3977 1299 4037 ut

208 4089 255 4137 ex
279 4065 393 4162 Epist.
425 4067 505 4138 erit.
542 4061 682 4161 p.¹102
715 4077 809 4137 reete
840 4062 885 4135 ab
915 4062 1123 4136 Heinrichiu
1156 4063 1298 4162 colligi·

207 4177 287 4253 ier,
338 4167 393 4263 (ut
421 4168 719 4244 verisimillimum
743 4178 817 4256 est,
860 4189 905 4236 ex
932 4164 980 4262 0)
1018 4176 1053 4236 et
1088 4166 1158 4236 iem
1194 4169 1297 4263 prius

206 4292 229 4338 u
254 4266 430 4340 iiuehlere
455 4294 499 4341 ex
522 4267 555 4340 G
587 4281 623 4341 et
647 4280 770 4364 postea
795 4291 816 4338 u
837 4265 1017 4337 Matthaeo
1040 4292 1086 4338 ex
1109 4267 1139 4337 li
1165 4265 1297 4338 deseri-

207 4378 317 4466 pisun.
371 4367 437 4438 llle
472 4369 667 4467 prudenter
701 4370 862 4441 instituta
884 4367 1064 4440 Hesiodeo
1102 4394 1182 4440 eum
1219 4395 1296 4441 eur·

207 4469 325 4561 mine,
377 4469 436 4541 eui
471 4473 664 4569 praemisse
696 4482 771 4566 est,
818 4470 953 4568 optime
996 4470 1183 4564 usuvenit,
1231 4468 1295 4543 hn-
