3044 5264
360 404 640 492 arceamus
667 410 892 493 cuncus.
1032 394 1033 398 ‘
1092 386 1168 482 tta

82 628 201 712 νὲἤος
233 628 269 695 δὲ
302 626 365 694 τοῦ
399 626 572 713 ἀγαθοῦ
604 621 670 695 ἀπὸ
704 629 766 696 τοῦ
798 625 869 709 ἠοῖ·
906 619 991 698 ὅθεν
1021 629 1078 696 scil
1112 625 1168 698 τὸ·

80 731 176 811 dein
208 729 418 819 προλιποῦσα
449 727 597 815 δόμοοςι
639 746 732 818 quae
772 719 880 795 verba
915 732 1096 819 praeterea
1129 725 1167 795 in

10 855 12 866 r
68 822 195 899 schol.
225 819 367 894 Townl.
407 832 444 894 et
472 822 585 894 Mose.
624 822 777 894 exstant,
848 821 989 918 »Quale
1025 822 1167 898 tandem

79 923 150 998 hoe
173 934 398 1014 monstrum«
433 924 483 993 ait
512 922 631 1020 Heyn.
667 935 695 995 t.
718 923 813 1013 Vll,
845 950 883 1023 p.
903 920 1006 1015 680,
1043 927 1168 1000 imme·

80 1052 158 1098 mor
188 1027 308 1126 Etym.
342 1018 520 1112 11459,
547 1019 612 1094 55.
650 1050 683 1096 s.
711 1051 747 1096 v.
780 1026 842 1118 ἠΰς
883 1027 928 1105 »ὁ
964 1034 1000 1101 δὲ
1035 1031 1168 1120 ἀγαθὸς

79 1130 172 1224 παρὰ
200 1130 261 1215 τὴν
285 1126 334 1216 rici
367 1125 450 1220 (scr.
473 1124 558 1219 alui),
583 1127 627 1200 ’ἶν’
660 1120 681 1216 ἦ
711 1128 730 1199 ὁ
761 1129 907 1224 ἥμεροςι
942 1125 1038 1199 unde
1063 1127 1167 1201 sclao·

80 1228 205 1299 liastae
231 1226 403 1299 sententia
430 1224 548 1322 qualis
574 1205 685 1298 suerit
708 1227 936 1325 intelligitur.
1003 1223 1166 1302 somnia·
1279 1272 1284 1283 .
1437 1257 1444 1269 ·

78 1328 142 1402 hat
162 1330 277 1416 enim,
314 1323 359 1397 ab
384 1328 546 1398 Aurorae
577 1330 721 1399 nomine
751 1327 994 1402 deducendam
1020 1355 1098 1403 esse
1126 1342 1167 1403 ut

78 1455 202 1502 vocem
226 1430 302 1521 ἠΰς,
341 1427 390 1499 ita
424 1425 573 1499 formam
606 1428 812 1501 femininam
839 1431 917 1523 ἠοίη
949 1457 1009 1530 ap.
1036 1431 1165 1504 Hesio·

77 1531 163 1602 dum
191 1541 225 1600 et
250 1526 371 1602 eadem
398 1539 590 1627 utrumque
615 1532 760 1602 notione
795 1529 890 1624 dici,
937 1558 1008 1630 qna
1043 1534 1167 1632 ἥμερος

76 1629 123 1704 ab
146 1634 268 1731 ἡμέρα,
305 1640 344 1700 ut
366 1631 413 1700 sit
438 1631 588 1723 ἁγαθός,
632 1629 689 1703 vel
715 1641 832 1738 πρᾷος.
896 1633 1062 1706 Veterem
1096 1636 1164 1733 igi·

75 1745 136 1804 tur
161 1732 281 1830 aliquo
306 1730 412 1801 modo
432 1733 656 1804 coniecturae
677 1758 760 1804 snae
783 1742 962 1806 auctorem
983 1731 1165 1806 habebant

77 1845 114 1905 ct
139 1835 312 1921 Guietus,
362 1857 472 1928 quum
497 1830 705 1906 Alcmenam
741 1835 1018 1925 matutinam,
1055 1843 1164 1928 ἠοίην,

76 1933 248 2034 lingeret,
298 1945 335 2005 et
360 1930 580 2023 Palmerius,
625 1960 736 2032 quum
771 1933 966 2007 Hesiodum
1005 1937 1044 2007 in
1070 1937 1163 2007 0ri·

78 2035 310 2108 entalibus
336 2032 515 2125 laudaret,
553 2031 683 2108 Graec.
711 2038 825 2134 antiq.
853 2063 890 2134 p.
914 2032 1015 2129 551,
1061 2039 1163 2109 onius

76 2136 184 2210 verba
213 2135 354 2233 repetiit
377 2133 552 2231 Episema,
603 2137 686 2209 Act.
721 2135 854 2210 Soeict.
883 2135 984 2235 ij.
1023 2165 1061 2236 p.
1083 2132 1163 2208 273

66 2239 252 2319 ‚immerito
278 2248 464 2334 propterea
489 2262 510 2309 a
536 2236 756 2310 Boissonado
781 2237 826 2310 ad
842 2236 992 2311 Hesiod.
1020 2265 1058 2336 p.
1082 2235 1162 2309 190

77 2339 330 2437 reprehensus.
404 2336 481 2410 Nos
521 2330 614 2410 nihil
650 2364 694 2410 ex
727 2337 797 2412 lroc
829 2338 908 2412 loco
943 2338 1160 2439 colligimus,

81 2444 150 2513 nisi
176 2440 288 2513 luisse
319 2440 413 2510 inter
437 2441 703 2537 grammaticos,
741 2438 872 2538 quibus
895 2443 974 2533 ’ἧοίη
1000 2467 1070 2513 una
1091 2466 1161 2514 vox

74 2540 277 2633 videretur,
322 2539 438 2639 qualis
460 2550 518 2613 est
547 2566 605 2635 ap.
634 2541 977 2634 Hermesiunactem,
1024 2544 1063 2613 in
1094 2567 1160 2614 no·

72 2644 212 2715 tissimo
237 2644 454 2741 fragmento,
482 2665 521 2738 p.
538 2637 619 2711 150
642 2641 930 2732 Schneidewin,
969 2645 1068 2715 etin
1095 2669 1158 2715 no·

73 2745 172 2816 mine
196 2742 335 2843 vulgari
357 2742 529 2816 Hesiodei
552 2743 741 2832 carminis,
791 2769 850 2840 ap.
879 2742 1037 2842 Hesych.
1066 2769 1098 2815 s.
1118 2769 1155 2814 v.

70 2853 203 2932 Ἡοῑαε,
226 2846 264 2915 in
279 2845 397 2943 lltym.
416 2841 513 2916 Gnd.
534 2869 565 2915 s.
580 2869 617 2913 v.
640 2846 778 2928 Ἤοιοι,
801 2842 952 2942 (mutato
977 2841 1158 2946 accentu,)

73 2957 112 3019 et
135 2972 240 3042 saepe
265 2944 365 3017 alibi.
419 2944 501 3016 lluc
524 2946 680 3041 pertinet
697 2944 870 3043 Hesychii
895 2943 1027 3042 glossa,
1056 2943 1089 3031 l,
1116 2970 1155 3040 p.

71 3044 352 3144 1659‘719oae,
386 3058 421 3124 ci
453 3051 624 3142 λεγόμενοι
649 3048 810 3130 ”Booten
856 3043 919 3116 ubi
953 3045 1023 3116 iam
1049 3044 1157 3118 Vale·
1223 3132 1225 3138 Ι

71 3150 146 3220 sius
178 3148 222 3220 de
248 3147 398 3225 Hesiodi
424 3146 529 3219 liceis
555 3148 736 3247 cogitavit.
803 3145 977 3220 Similiter
1000 3143 1070 3218 loci
1095 3145 1158 3219 alii

70 3276 116 3321 ex
147 3248 216 3322 hoc
241 3248 420 3320 Hesiodeo
454 3249 610 3320 carmine
636 3245 754 3319 hausti
780 3246 890 3345 vulgo
920 3245 1029 3319 scribi
1064 3245 1156 3320 sole·

65 3350 176 3443 bant,
214 3352 308 3441 ἠοίη,
347 3351 449 3421 utin
476 3347 603 3423 scholl.
632 3348 806 3420 adPind.
836 3345 1086 3439 Pth.1x‚6
1121 3359 1157 3422 et
1270 3426 1273 3433 Α

69 3452 145 3545 lV,
179 3448 252 3541 55,
320 3449 388 3523 cir.
428 3449 583 3523 Boeckh.
616 3450 674 3539 ll,
704 3447 751 3539 l,
796 3476 835 3548 p.
865 3376 949 3520 1116
984 3460 1020 3521 et
1054 3444 1153 3521 101.

65 3553 145 3625 Nec
179 3553 364 3650 praeteriri
397 3563 514 3649 potest
545 3550 637 3624 liber
662 3551 850 3625 Sosieratia
877 3549 1152 3648 Phanagoritae‚

67 3656 170 3727 euius
203 3653 411 3726 Athenaeus
445 3653 627 3744 meminit,
675 3679 713 3751 p.
740 3648 847 3741 590,
883 3650 927 3742 h,
949 3670 956 3683 ·
976 3650 1042 3726 »oi
1068 3654 1153 3725 κατὰ

65 3758 145 3843 τοὺς
176 3757 405 3853 Σωσικράτους
443 3763 506 3830 τοῦ
542 3761 774 3854 Φονογορίτου
805 3760 860 3828 'H
863 3765 901 3827 οἱ
907 3784 993 3847 ους,
1037 3752 1061 3848 ἢ
1094 3753 1155 3826 τὸν

64 3866 132 3940 τῶν
163 3865 323 3953 γυναικῶν
358 3861 542 3950 κατάλογον
566 3865 788 3937 Neacavtrov·
822 3849 934 3937 Diod.
973 3879 1011 3950 p.
1032 3846 1151 3942 1515,

65 3959 130 4029 nbi
154 3969 272 4030 tamen
298 3959 336 4028 in
361 3956 545 4030 nonnullis
569 3953 672 4029 libris
701 3964 799 4045 Οἴους
832 3965 868 4028 et
895 3954 994 4040 θίοος
1020 3953 1153 4051 reperi·

63 4070 137 4140 tur.
192 4058 399 4132 Omittimus
425 4056 507 4130 alia.

166 4159 261 4233 Sunt
285 4161 378 4231 enirn
407 4157 509 4231 alteri
543 4182 686 4257 quoquc
720 4157 939 4246 sententiae,
987 4180 1057 4253 qua
1090 4182 1151 4227 vo·

64 4261 165 4334 enlae
192 4261 435 4349 dissecantur,
472 4269 581 4333 testea
606 4260 677 4331 sui.
742 4261 785 4333 ln
821 4257 900 4329 loco
923 4256 1099 4329 Eoearum
1132 4285 1152 4328 a

64 4361 240 4436 Strabone
270 4360 328 4439 bia
363 4361 525 4453 laudato,
570 4386 608 4460 p.
631 4356 718 4432 112
754 4369 791 4434 et
815 4354 895 4431 617
921 4357 1075 4431 Casaub.
1107 4384 1152 4429 ex

62 4463 168 4540 libris
193 4463 312 4542 editur
342 4466 364 4555 ἢ
389 4467 458 4557 οἵη,
505 4489 708 4569 quanquam
743 4459 796 4538 ihi
828 4479 973 4564 qaoque
1010 4458 1151 4534 diversa
