3044 5264
207 377 289 453 294
415 438 420 445 .
477 381 694 468 CODICUM
727 372 1023 457 nescele‘llo.

208 586 342 685 ἆμᾶξηξ
368 587 503 686 νύμφην
533 590 631 683 ἀνδρὶ
662 599 822 685 daphnona
879 586 1005 680 ltaque
1040 577 1157 652 bonae
1184 579 1312 680 frugis

209 716 323 790 paene
349 688 441 759 nihil
467 694 505 759 in
531 683 728 760 linearibus
753 685 852 759 hisce
877 685 1007 784 glossis
1032 694 1161 754 exstat.

313 790 383 862 lll.
446 790 596 863 »codex
636 787 906 886 Vitebergensis
946 784 1022 887 (C)
1068 782 1313 882 bombycinus

211 894 372 967 continet
397 892 644 992 Lycophronis
671 889 908 966 Cassandram
933 914 1015 960 eum
1042 886 1313 957 commentariis

212 996 386 1087 Teetzae,
426 992 597 1091 Aeschyli
631 991 832 1090 tragoedias
858 1002 953 1080 tres,
1001 986 1147 1058 Hesiodi
1185 986 1312 1083 Opera

212 1109 249 1172 et
275 1098 362 1168 Dies
385 1120 426 1169 ac
451 1094 600 1167 Scutum
627 1094 814 1187 Herculis,
855 1093 998 1164 initium
1026 1087 1209 1184 Euripidis
1236 1089 1314 1158 He·

212 1197 346 1290 cubae,
390 1195 594 1268 Cleomedis
627 1198 779 1286 κυκλικὴν
808 1201 967 1293 θεωρίαν.
1025 1194 1069 1263 ln
1094 1189 1167 1262 line
1193 1191 1314 1262 minio

213 1299 405 1394 subscripti
432 1298 471 1370 hi
493 1322 640 1370 versus:

315 1409 362 1499 τῷ
388 1410 577 1502 συντελεστῇ
601 1410 667 1474 τῶν
690 1405 798 1474 καλῶν
822 1407 893 1497 θεῷ
916 1396 1036 1494 gripor:

317 1507 357 1578 τὸ
384 1504 536 1600 δεύτερον
559 1510 687 1587 onerem
710 1534 767 1595 με,
800 1502 840 1574 τὸ
867 1507 978 1596 τρίτον
1003 1497 1112 1597 φάοςε
1256 1530 1260 1537 ·

318 1610 515 1698 ἰξευμένιζον
541 1604 604 1692 τὴν
628 1604 745 1694 διπλῆν
768 1633 836 1700 μου
857 1603 1040 1677 nemerim«

214 1705 314 1782 Haec
340 1707 582 1777 Hermannus.

316 1808 385 1879 lV.
439 1806 560 1879 Codex
584 1801 677 1876 bibl.
712 1830 790 1903 reg.
820 1804 935 1874 Paris.
954 1800 1053 1876 255l
1086 1800 1166 1904 (11)
1206 1799 1313 1874 char·

215 1922 360 2001 tacens,
398 1908 531 1981 saeculi
548 1905 644 1997 XV,
679 1907 742 2003 qui
768 1909 863 1977 inter
884 1904 1016 1977 multos
1041 1906 1153 1978 libros
1176 1901 1314 1975 diversi

215 2013 419 2112 argumenti
444 2020 481 2082 et
501 2011 651 2082 Scutum
677 2006 828 2080 Hesiodi
857 2018 893 2078 et
921 2007 1165 2107 Theogoniam
1194 2006 1312 2078 conti·

216 2127 299 2206 net,
337 2111 387 2184 cl'.
417 2108 532 2182 Catal.
558 2108 676 2180 Codd.
704 2110 793 2180 lllss.
825 2111 936 2180 Paris.
956 2112 1016 2198 ll,
1044 2137 1082 2206 p.
1100 2103 1191 2179 521.

318 2213 366 2284 V.
422 2209 546 2282 Codex
579 2208 671 2281 bibl.
708 2236 787 2307 reg.
826 2211 939 2281 Paris.
964 2208 1071 2282 2775
1097 2208 1163 2310 (E)
1199 2233 1312 2280 mem·

216 2313 414 2390 branaceus
440 2323 476 2387 et
497 2311 680 2401 omnium,
714 2337 805 2409 quos
820 2311 1018 2385 lioehlerus
1044 2311 1218 2402 contulit,
1246 2337 1313 2381 au·

216 2416 457 2516 tiquissimus.
532 2412 584 2483 Ea
619 2412 699 2484 laus
739 2425 858 2484 tamen
902 2415 1046 2487 nonnisi
1084 2412 1130 2485 ad
1162 2412 1314 2484 Hesiodi

219 2518 338 2615 Opera
373 2528 410 2588 et
435 2515 523 2587 Dies
556 2516 732 2612 pertinet,
776 2540 856 2587 cum
892 2516 952 2588 lo.
977 2516 1128 2589 'l'zetzae
1163 2512 1314 2586 scholiis

219 2620 416 2714 descripta,
450 2643 524 2688 non
550 2614 596 2687 ad
621 2616 791 2708 Scutum,
832 2616 974 2716 de‘quo
1011 2620 1079 2688 »ln
1105 2616 1177 2688 line
1201 2615 1313 2686 libri«

218 2724 269 2795 ait
294 2744 430 2816 »pauca
465 2717 550 2789 solia
586 2727 691 2808 suut,
734 2721 772 2789 iu
808 2717 939 2816 quibus
966 2719 1115 2791 Scutum
1142 2718 1314 2789 Herculis

218 2825 287 2897 alia
313 2848 421 2892 manu
448 2816 619 2916 scriptum
647 2818 801 2918 legitur,
840 2846 920 2892 cum
952 2834 1051 2918 parte
1077 2819 1311 2910 scholiorum,

219 2950 312 3025 quae
346 2926 384 2992 in
424 2921 579 2994 editione
619 2921 812 2992 Heinsiana
848 2922 998 2994 Tzetzae
1044 2923 1165 2993 neseio
1203 2947 1312 3018 quam

217 3052 302 3099 vere
329 3022 551 3094 tribuuntur.
615 3022 686 3096 Sed
723 3022 811 3095 haec
837 3022 925 3093 mihi
959 3050 1084 3120 parum
1118 3023 1307 3120 proluere:

219 3126 458 3223 nequeenim
494 3150 619 3220 poema
655 3125 773 3221 ipsum
805 3126 1010 3222 integrum,
1058 3135 1094 3195 et
1127 3123 1312 3194 literarum

219 3227 347 3296 ductus
375 3227 423 3295 ita
449 3223 650 3321 fugientes,
689 3237 729 3297 ut
753 3225 849 3295 haud
876 3253 956 3298 raro
983 3229 1105 3299 oculos
1134 3251 1230 3297 meos
1258 3225 1313 3296 el'·

219 3328 429 3424 lugerent«
481 3327 651 3398 Continet
671 3330 765 3399 enim
788 3324 871 3397 507
896 3354 1021 3400 versus
1053 3353 1169 3424 neque
1196 3325 1313 3396 ullum

217 3426 327 3500 habet
351 3426 500 3499 lacunae
527 3429 685 3525 signum.
740 3429 864 3502 Simile
892 3430 978 3528 quid
1007 3433 1106 3501 lmm.
1126 3427 1313 3501 Behherus

219 3530 263 3602 de
301 3531 412 3600 Arati·
439 3528 570 3601 Codice
597 3529 827 3602 Casanatensi
860 3532 907 3603 Ο.
930 3531 1214 3603 Praedicatorum
1241 3530 1314 3600 llli·

219 3632 463 3702 noritanorum
491 3628 610 3730 (Atat.
639 3660 673 3729 p.
693 3632 775 3732 lV.)
803 3644 958 3720 enarrat,
986 3634 1045 3705 cui
1065 3634 1189 3704 insunt
1210 3657 1314 3728 prae·

218 3744 274 3805 ter
299 3732 544 3829 Theogoniam
571 3731 673 3807 Scuti
697 3759 822 3817 versus
847 3730 950 3828 521,
978 3737 1100 3832 scripti
1127 3733 1182 3804 illi
1207 3759 1229 3804 a
1255 3757 1313 3806 re·

218 3835 376 3907 centiore
402 3860 523 3905 mauu.

320 3934 389 4005 Vl.
443 3934 534 4007 Cod.
562 3933 651 4014 bibl,
681 3962 757 4036 reg.
787 3937 896 4007 Paris.
913 3933 1020 4007 2772
1049 3936 1105 4035 (F)
1134 3934 1313 4008 Hochlero

219 4048 383 4126 auctore,
415 4035 559 4108 saeculo
578 4039 720 4109 circiter
733 4039 825 4110 xlv
852 4040 889 4109 in
915 4039 1035 4111 charta
1058 4038 1198 4110 dentata
1222 4038 1312 4109 scri·

218 4149 301 4235 ptus
338 4135 612 4236 (bombycinum
651 4139 846 4211 Brcdovius
884 4152 986 4213 vocat
1024 4141 1138 4238 Epist.
1173 4139 1309 4210 Pariss.

218 4265 256 4334 p.
276 4234 353 4334 lt)
380 4240 443 4336 qui
471 4241 630 4312 continet
660 4236 697 4310 l.
732 4239 882 4313 Hesiodi
906 4242 1026 4339 Opera
1052 4253 1089 4314 et
1114 4242 1201 4312 Dies
1228 4265 1310 4312 eum

218 4337 446 4434 llloschopuli
482 4339 643 4412 scholiis.
713 4340 755 4413 2.
790 4341 939 4414 Scutum
972 4342 1142 4415 Herculis
1180 4336 1313 4438 (tto

218 4438 341 4540 seqq.)
370 4465 451 4512 cum
481 4440 628 4547 scholiis
654 4454 690 4531 et
714 4442 922 4542 paraphrasi
947 4444 987 4516 in
1011 4469 1118 4516 versu
1143 4438 1224 4514 did
1249 4438 1312 4515 de·
