<?xml version="1.0" encoding="UTF-8"?>
<!DOCTYPE html PUBLIC "-//W3C//DTD XHTML 1.0 Transitional//EN"
    "http://www.w3.org/TR/xhtml1/DTD/xhtml1-transitional.dtd">
<html xmlns="http://www.w3.org/1999/xhtml" xml:lang="en" lang="en">
 <head>
  <title>
</title>
<meta http-equiv="Content-Type" content="text/html;charset=utf-8" />
  <meta name='ocr-system' content='tesseract 3.04.00' />
  <meta name='ocr-capabilities' content='ocr_page ocr_carea ocr_par ocr_line ocrx_word'/>
</head>
<body>
  <div class='ocr_page' id='page_1' title='image "./hesiodiquodfert00wolfgoog_0026.png"; bbox 0 0 3044 5264; ppageno 0'>
   <div class='ocr_carea' id='block_1_1' title="bbox 419 382 858 484">
    <p class='ocr_par' dir='ltr' id='par_1_1' title="bbox 419 382 858 484">
     <span class='ocr_line' id='line_1_1' title="bbox 419 382 858 484; baseline -0.009 -27"><span class='ocrx_word' id='word_1_1' title='bbox 419 390 534 457; x_wconf 69' lang='grc' dir='ltr'><strong><em>ΣιιιΣ</em></strong></span> <span class='ocrx_word' id='word_1_2' title='bbox 552 382 858 484; x_wconf 66' lang='grc' dir='ltr'><strong><em>Ιιουιιοιεονν.</em></strong></span> 
     </span>
    </p>
   </div>
   <div class='ocr_carea' id='block_1_2' title="bbox 83 587 928 809">
    <p class='ocr_par' dir='ltr' id='par_1_2' title="bbox 83 587 928 809">
     <span class='ocr_line' id='line_1_2' title="bbox 83 587 396 686; baseline -0.003 -27"><span class='ocrx_word' id='word_1_3' title='bbox 83 587 181 684; x_wconf 84' lang='grc' dir='ltr'><strong><em>άχρια</em></strong></span> <span class='ocrx_word' id='word_1_4' title='bbox 208 592 396 686; x_wconf 72' lang='grc' dir='ltr'><em>δερκομένω.</em></span> 
     </span>
     <span class='ocr_line' id='line_1_3' title="bbox 465 713 928 809; baseline -0.006 -21"><span class='ocrx_word' id='word_1_5' title='bbox 465 715 539 788; x_wconf 80' lang='grc' dir='ltr'><strong><em>Ἐπὶ</em></strong></span> <span class='ocrx_word' id='word_1_6' title='bbox 563 721 597 786; x_wconf 83' lang='grc' dir='ltr'><strong><em>δέ</em></strong></span> <span class='ocrx_word' id='word_1_7' title='bbox 619 722 752 787; x_wconf 84' lang='grc' dir='ltr'><strong><em>δεινοῖσι</em></strong></span> <span class='ocrx_word' id='word_1_8' title='bbox 775 713 928 809; x_wconf 74' lang='grc' dir='ltr'><strong><em>καρήνοις</em></strong></span> 
     </span>
    </p>
   </div>
   <div class='ocr_carea' id='block_1_3' title="bbox 37 965 1240 3736">
    <p class='ocr_par' dir='ltr' id='par_1_3' title="bbox 78 965 1015 1697">
     <span class='ocr_line' id='line_1_4' title="bbox 83 965 939 1063; baseline 0.002 -25"><span class='ocrx_word' id='word_1_9' title='bbox 83 967 198 1063; x_wconf 84' lang='grc' dir='ltr'><strong><em>άνδρες</em></strong></span> <span class='ocrx_word' id='word_1_10' title='bbox 223 967 452 1063; x_wconf 77' lang='grc' dir='ltr'><strong><em>ἐμαρνάσθην,</em></strong></span> <span class='ocrx_word' id='word_1_11' title='bbox 486 967 647 1060; x_wconf 75' lang='grc' dir='ltr'><strong><em>πολεμήϊα</em></strong></span> <span class='ocrx_word' id='word_1_12' title='bbox 669 965 770 1061; x_wconf 74' lang='grc' dir='ltr'><strong><em>τεάχέ</em></strong></span> <span class='ocrx_word' id='word_1_13' title='bbox 798 971 939 1061; x_wconf 81' lang='grc' dir='ltr'><strong><em>ἔχοντες·</em></strong></span> 
     </span>
     <span class='ocr_line' id='line_1_5' title="bbox 82 1091 1015 1190; baseline 0.003 -26"><span class='ocrx_word' id='word_1_14' title='bbox 82 1103 137 1166; x_wconf 84' lang='grc' dir='ltr'><strong><em>τοὶ</em></strong></span> <span class='ocrx_word' id='word_1_15' title='bbox 158 1105 218 1184; x_wconf 79' lang='grc' dir='ltr'><strong><em>μὲν</em></strong></span> <span class='ocrx_word' id='word_1_16' title='bbox 239 1091 304 1165; x_wconf 85' lang='grc' dir='ltr'><strong><em>ἀπὸ</em></strong></span> <span class='ocrx_word' id='word_1_17' title='bbox 329 1101 485 1189; x_wconf 73' lang='grc' dir='ltr'><strong><em>σφετέρης</em></strong></span> <span class='ocrx_word' id='word_1_18' title='bbox 504 1093 620 1177; x_wconf 87' lang='grc' dir='ltr'><strong><em>πόλιος</em></strong></span> <span class='ocrx_word' id='word_1_19' title='bbox 646 1100 809 1190; x_wconf 88' lang='grc' dir='ltr'><strong><em>σφετέρων</em></strong></span> <span class='ocrx_word' id='word_1_20' title='bbox 834 1123 870 1164; x_wconf 84' lang='grc' dir='ltr'><strong><em>τε</em></strong></span> <span class='ocrx_word' id='word_1_21' title='bbox 890 1091 1015 1182; x_wconf 81' lang='grc' dir='ltr'><strong><em>τοκήων</em></strong></span> 
     </span>
     <span class='ocr_line' id='line_1_6' title="bbox 80 1211 944 1317; baseline 0.003 -25"><span class='ocrx_word' id='word_1_22' title='bbox 80 1222 197 1310; x_wconf 73' lang='grc' dir='ltr'><strong><em>λοιγὸν</em></strong></span> <span class='ocrx_word' id='word_1_23' title='bbox 221 1219 408 1313; x_wconf 76' lang='grc' dir='ltr'><strong><em>ἀμύνοντες·</em></strong></span> <span class='ocrx_word' id='word_1_24' title='bbox 439 1231 493 1294; x_wconf 84' lang='grc' dir='ltr'><strong><em>τοὶ</em></strong></span> <span class='ocrx_word' id='word_1_25' title='bbox 520 1228 554 1293; x_wconf 79' lang='grc' dir='ltr'><strong><em>δὲ</em></strong></span> <span class='ocrx_word' id='word_1_26' title='bbox 581 1229 742 1317; x_wconf 89' lang='grc' dir='ltr'><strong><em>πραθέειν</em></strong></span> <span class='ocrx_word' id='word_1_27' title='bbox 766 1211 944 1313; x_wconf 76' lang='grc' dir='ltr'><strong><em>μεμαῶτες.</em></strong></span> 
     </span>
     <span class='ocr_line' id='line_1_7' title="bbox 79 1346 975 1442; baseline -0.001 -23"><span class='ocrx_word' id='word_1_28' title='bbox 79 1354 200 1419; x_wconf 87' lang='grc' dir='ltr'><strong><em>πολλοὶ</em></strong></span> <span class='ocrx_word' id='word_1_29' title='bbox 222 1359 282 1440; x_wconf 81' lang='grc' dir='ltr'><strong><em>μέν</em></strong></span> <span class='ocrx_word' id='word_1_30' title='bbox 300 1353 412 1430; x_wconf 86' lang='grc' dir='ltr'><strong><em>κέατο,</em></strong></span> <span class='ocrx_word' id='word_1_31' title='bbox 446 1354 577 1431; x_wconf 84' lang='grc' dir='ltr'><strong><em>πλέονες</em></strong></span> <span class='ocrx_word' id='word_1_32' title='bbox 602 1346 632 1418; x_wconf 85' lang='grc' dir='ltr'><strong><em>δ’</em></strong></span> <span class='ocrx_word' id='word_1_33' title='bbox 659 1351 708 1421; x_wconf 84' lang='grc' dir='ltr'><strong><em>ἔτι</em></strong></span> <span class='ocrx_word' id='word_1_34' title='bbox 735 1353 827 1442; x_wconf 93' lang='grc' dir='ltr'><strong><em>δῆριν</em></strong></span> <span class='ocrx_word' id='word_1_35' title='bbox 850 1351 975 1440; x_wconf 82' lang='grc' dir='ltr'><strong><em>ἔχοντες</em></strong></span> 
     </span>
     <span class='ocr_line' id='line_1_8' title="bbox 80 1470 970 1568; baseline 0.003 -26"><span class='ocrx_word' id='word_1_36' title='bbox 80 1470 260 1568; x_wconf 76' lang='grc' dir='ltr'><strong><em>μάρνανθ’.</em></strong></span> <span class='ocrx_word' id='word_1_37' title='bbox 295 1481 331 1545; x_wconf 84' lang='grc' dir='ltr'><strong><em>αἱ</em></strong></span> <span class='ocrx_word' id='word_1_38' title='bbox 354 1479 388 1544; x_wconf 82' lang='grc' dir='ltr'><strong><em>δὲ</em></strong></span> <span class='ocrx_word' id='word_1_39' title='bbox 409 1483 554 1565; x_wconf 74' lang='grc' dir='ltr'><strong><em>ηυναῑκες</em></strong></span> <span class='ocrx_word' id='word_1_40' title='bbox 580 1473 745 1566; x_wconf 77' lang='grc' dir='ltr'><strong><em>ἐϋδμήτων</em></strong></span> <span class='ocrx_word' id='word_1_41' title='bbox 766 1481 818 1546; x_wconf 83' lang='grc' dir='ltr'><strong><em>ε’πὶ</em></strong></span> <span class='ocrx_word' id='word_1_42' title='bbox 840 1471 970 1565; x_wconf 74' lang='grc' dir='ltr'><strong><em>πύργων</em></strong></span> 
     </span>
     <span class='ocr_line' id='line_1_9' title="bbox 78 1599 986 1697; baseline 0 -25"><span class='ocrx_word' id='word_1_43' title='bbox 78 1600 216 1692; x_wconf 84' lang='grc' dir='ltr'><strong><em>χάλκεον</em></strong></span> <span class='ocrx_word' id='word_1_44' title='bbox 236 1600 292 1686; x_wconf 78' lang='grc' dir='ltr'><strong><em>ὀξέι</em></strong></span> <span class='ocrx_word' id='word_1_45' title='bbox 316 1600 419 1693; x_wconf 84' lang='grc' dir='ltr'><strong><em>βόων,</em></strong></span> <span class='ocrx_word' id='word_1_46' title='bbox 454 1605 537 1675; x_wconf 88' lang='grc' dir='ltr'><strong><em>κατά</em></strong></span> <span class='ocrx_word' id='word_1_47' title='bbox 560 1602 591 1674; x_wconf 79' lang='grc' dir='ltr'><strong><em>δ’</em></strong></span> <span class='ocrx_word' id='word_1_48' title='bbox 620 1603 816 1697; x_wconf 74' lang='grc' dir='ltr'><strong><em>ἐδρύπτοντο</em></strong></span> <span class='ocrx_word' id='word_1_49' title='bbox 841 1599 986 1696; x_wconf 86' lang='grc' dir='ltr'><strong><em>παρειάς,</em></strong></span> 
     </span>
    </p>

    <p class='ocr_par' dir='ltr' id='par_1_4' title="bbox 37 1729 1240 3736">
     <span class='ocr_line' id='line_1_10' title="bbox 37 1729 841 1826; baseline 0.005 -30"><span class='ocrx_word' id='word_1_50' title='bbox 37 1748 40 1757; x_wconf 74' lang='grc'><em>“</em></span> <span class='ocrx_word' id='word_1_51' title='bbox 83 1732 198 1826; x_wconf 76' lang='grc' dir='ltr'><strong><em>ζωῇσιν</em></strong></span> <span class='ocrx_word' id='word_1_52' title='bbox 222 1733 338 1810; x_wconf 83' lang='grc' dir='ltr'><strong><em>ἴκελαι,</em></strong></span> <span class='ocrx_word' id='word_1_53' title='bbox 370 1732 450 1824; x_wconf 76' lang='grc' dir='ltr'><strong><em>ἔργα</em></strong></span> <span class='ocrx_word' id='word_1_54' title='bbox 479 1736 599 1802; x_wconf 80' lang='grc' dir='ltr'><strong><em>κλυτοῦ</em></strong></span> <span class='ocrx_word' id='word_1_55' title='bbox 621 1729 841 1824; x_wconf 76' lang='grc' dir='ltr'><strong><em>Ἡφαίστοιο.</em></strong></span> 
     </span>
     <span class='ocr_line' id='line_1_11' title="bbox 83 1850 1009 1950; baseline -0.003 -25"><span class='ocrx_word' id='word_1_56' title='bbox 83 1853 198 1948; x_wconf 81' lang='grc' dir='ltr'><strong><em>ἀνδρες</em></strong></span> <span class='ocrx_word' id='word_1_57' title='bbox 223 1852 275 1938; x_wconf 81' lang='grc' dir='ltr'><strong><em>δ’,</em></strong></span> <span class='ocrx_word' id='word_1_58' title='bbox 311 1857 347 1926; x_wconf 76' lang='grc' dir='ltr'><strong><em>οἵ</em></strong></span> <span class='ocrx_word' id='word_1_59' title='bbox 367 1850 524 1950; x_wconf 82' lang='grc' dir='ltr'><strong><em>πρεσβῆες</em></strong></span> <span class='ocrx_word' id='word_1_60' title='bbox 545 1859 624 1930; x_wconf 84' lang='grc' dir='ltr'><strong><em>ἕσαν</em></strong></span> <span class='ocrx_word' id='word_1_61' title='bbox 647 1853 751 1948; x_wconf 77' lang='grc' dir='ltr'><strong><em>γῆράς</em></strong></span> <span class='ocrx_word' id='word_1_62' title='bbox 775 1883 810 1924; x_wconf 88' lang='grc' dir='ltr'><strong><em>τε</em></strong></span> <span class='ocrx_word' id='word_1_63' title='bbox 833 1859 1009 1948; x_wconf 87' lang='grc' dir='ltr'><strong><em>μέμαρπεν,</em></strong></span> 
     </span>
     <span class='ocr_line' id='line_1_12' title="bbox 85 1975 1038 2086; baseline 0.003 -39"><span class='ocrx_word' id='word_1_64' title='bbox 85 1975 211 2086; x_wconf 75' lang='grc' dir='ltr'><strong><em>ἀθρόοι</em></strong></span> <span class='ocrx_word' id='word_1_65' title='bbox 231 1982 391 2053; x_wconf 84' lang='grc' dir='ltr'><strong><em>ἔκτοσθεν</em></strong></span> <span class='ocrx_word' id='word_1_66' title='bbox 410 1987 535 2054; x_wconf 88' lang='grc' dir='ltr'><strong><em>πυλέων</em></strong></span> <span class='ocrx_word' id='word_1_67' title='bbox 559 1987 649 2063; x_wconf 88' lang='grc' dir='ltr'><strong><em>ἴσαν,</em></strong></span> <span class='ocrx_word' id='word_1_68' title='bbox 687 1981 729 2054; x_wconf 79' lang='grc' dir='ltr'><strong><em>ἀν</em></strong></span> <span class='ocrx_word' id='word_1_69' title='bbox 749 1985 783 2051; x_wconf 76' lang='grc' dir='ltr'><strong><em>δι’</em></strong></span> <span class='ocrx_word' id='word_1_70' title='bbox 805 1988 935 2052; x_wconf 80' lang='grc' dir='ltr'><strong><em>θεοῖσιν</em></strong></span> <span class='ocrx_word' id='word_1_71' title='bbox 1032 2028 1038 2040; x_wconf 86' lang='lat'><strong>·</strong></span> 
     </span>
     <span class='ocr_line' id='line_1_13' title="bbox 82 2106 984 2207; baseline 0.006 -32"><span class='ocrx_word' id='word_1_72' title='bbox 82 2116 192 2198; x_wconf 81' lang='grc' dir='ltr'><strong><em>χεῖρας</em></strong></span> <span class='ocrx_word' id='word_1_73' title='bbox 215 2110 288 2199; x_wconf 84' lang='grc' dir='ltr'><strong><em>ἔχον</em></strong></span> <span class='ocrx_word' id='word_1_74' title='bbox 308 2106 505 2205; x_wconf 78' lang='grc' dir='ltr'><strong><em>μακάρεσσι,</em></strong></span> <span class='ocrx_word' id='word_1_75' title='bbox 537 2119 610 2205; x_wconf 82' lang='grc' dir='ltr'><strong><em>περὶ</em></strong></span> <span class='ocrx_word' id='word_1_76' title='bbox 634 2117 819 2207; x_wconf 77' lang='grc' dir='ltr'><strong><em>σφετέροισι</em></strong></span> <span class='ocrx_word' id='word_1_77' title='bbox 842 2116 984 2184; x_wconf 78' lang='grc' dir='ltr'><strong><em>τέκεσσιν</em></strong></span> 
     </span>
     <span class='ocr_line' id='line_1_14' title="bbox 85 2229 1090 2330; baseline 0.001 -25"><span class='ocrx_word' id='word_1_78' title='bbox 85 2234 247 2321; x_wconf 86' lang='grc' dir='ltr'><strong><em>δειδιότες.</em></strong></span> <span class='ocrx_word' id='word_1_79' title='bbox 276 2245 330 2323; x_wconf 74' lang='grc' dir='ltr'><strong><em>τοί</em></strong></span> <span class='ocrx_word' id='word_1_80' title='bbox 355 2233 385 2308; x_wconf 77' lang='grc' dir='ltr'><strong><em>δ’</em></strong></span> <span class='ocrx_word' id='word_1_81' title='bbox 412 2229 492 2310; x_wconf 78' lang='grc' dir='ltr'><strong><em>αὖτε</em></strong></span> <span class='ocrx_word' id='word_1_82' title='bbox 512 2236 620 2330; x_wconf 89' lang='grc' dir='ltr'><strong><em>μάχην</em></strong></span> <span class='ocrx_word' id='word_1_83' title='bbox 644 2241 732 2330; x_wconf 80' lang='grc' dir='ltr'><strong><em>ἕχον·</em></strong></span> <span class='ocrx_word' id='word_1_84' title='bbox 765 2246 800 2309; x_wconf 86' lang='grc' dir='ltr'><strong><em>αἱ</em></strong></span> <span class='ocrx_word' id='word_1_85' title='bbox 821 2243 854 2308; x_wconf 84' lang='grc' dir='ltr'><strong><em>δέ</em></strong></span> <span class='ocrx_word' id='word_1_86' title='bbox 877 2236 943 2330; x_wconf 71' lang='grc' dir='ltr'><strong><em>μετ’</em></strong></span> <span class='ocrx_word' id='word_1_87' title='bbox 972 2234 1090 2322; x_wconf 70' lang='grc' dir='ltr'><strong><em>αὐτοὺς</em></strong></span> 
     </span>
     <span class='ocr_line' id='line_1_15' title="bbox 84 2361 896 2459; baseline 0.002 -25"><span class='ocrx_word' id='word_1_88' title='bbox 84 2363 192 2457; x_wconf 73' lang='grc' dir='ltr'><strong><em>Κῆρες</em></strong></span> <span class='ocrx_word' id='word_1_89' title='bbox 215 2361 361 2446; x_wconf 81' lang='grc' dir='ltr'><strong><em>κυάνεαι,</em></strong></span> <span class='ocrx_word' id='word_1_90' title='bbox 393 2364 526 2448; x_wconf 84' lang='grc' dir='ltr'><strong><em>λευκοάς</em></strong></span> <span class='ocrx_word' id='word_1_91' title='bbox 545 2362 725 2459; x_wconf 75' lang='grc' dir='ltr'><strong><em>ἀραβεῦσαι</em></strong></span> <span class='ocrx_word' id='word_1_92' title='bbox 748 2362 896 2449; x_wconf 86' lang='grc' dir='ltr'><strong><em>ὀδόντας,</em></strong></span> 
     </span>
     <span class='ocr_line' id='line_1_16' title="bbox 84 2490 958 2590; baseline 0.006 -30"><span class='ocrx_word' id='word_1_93' title='bbox 84 2497 234 2563; x_wconf 86' lang='grc' dir='ltr'><strong><em>δεινωπαὶ</em></strong></span> <span class='ocrx_word' id='word_1_94' title='bbox 258 2497 417 2586; x_wconf 81' lang='grc' dir='ltr'><strong><em>βλοσυραί</em></strong></span> <span class='ocrx_word' id='word_1_95' title='bbox 439 2522 488 2575; x_wconf 84' lang='grc' dir='ltr'><strong><em>τε,</em></strong></span> <span class='ocrx_word' id='word_1_96' title='bbox 524 2496 679 2590; x_wconf 87' lang='grc' dir='ltr'><strong><em>δαφοινοί</em></strong></span> <span class='ocrx_word' id='word_1_97' title='bbox 701 2490 727 2564; x_wconf 78' lang='grc' dir='ltr'><strong><em>τ’</em></strong></span> <span class='ocrx_word' id='word_1_98' title='bbox 755 2491 895 2579; x_wconf 86' lang='grc' dir='ltr'><strong><em>ίίπλητοί</em></strong></span> <span class='ocrx_word' id='word_1_99' title='bbox 915 2523 958 2577; x_wconf 85' lang='grc' dir='ltr'><strong><em>τε,</em></strong></span> 
     </span>
     <span class='ocr_line' id='line_1_17' title="bbox 86 2616 992 2717; baseline 0.006 -32"><span class='ocrx_word' id='word_1_100' title='bbox 86 2621 179 2709; x_wconf 88' lang='grc' dir='ltr'><strong><em>δῆριν</em></strong></span> <span class='ocrx_word' id='word_1_101' title='bbox 202 2621 275 2708; x_wconf 82' lang='grc' dir='ltr'><strong><em>ἕχον</em></strong></span> <span class='ocrx_word' id='word_1_102' title='bbox 294 2626 368 2712; x_wconf 85' lang='grc' dir='ltr'><strong><em>περὶ</em></strong></span> <span class='ocrx_word' id='word_1_103' title='bbox 392 2616 587 2717; x_wconf 82' lang='grc' dir='ltr'><strong><em>πιπτόντων.</em></strong></span> <span class='ocrx_word' id='word_1_104' title='bbox 637 2627 741 2692; x_wconf 82' lang='grc' dir='ltr'><strong><em>πᾶσαι</em></strong></span> <span class='ocrx_word' id='word_1_105' title='bbox 765 2627 786 2691; x_wconf 96' lang='grc' dir='ltr'><strong><em>δ</em></strong></span> <span class='ocrx_word' id='word_1_106' title='bbox 791 2617 800 2641; x_wconf 81' lang='grc'><strong><em>’</em></strong></span> <span class='ocrx_word' id='word_1_107' title='bbox 829 2618 877 2714; x_wconf 76' lang='grc' dir='ltr'><strong><em>ἄρ’</em></strong></span> <span class='ocrx_word' id='word_1_108' title='bbox 906 2620 992 2692; x_wconf 86' lang='grc' dir='ltr'><strong><em>ἰἐντο</em></strong></span> 
     </span>
     <span class='ocr_line' id='line_1_18' title="bbox 86 2743 909 2840; baseline 0.004 -25"><span class='ocrx_word' id='word_1_109' title='bbox 86 2743 170 2837; x_wconf 84' lang='grc' dir='ltr'><strong><em>αἷμα</em></strong></span> <span class='ocrx_word' id='word_1_110' title='bbox 190 2754 293 2836; x_wconf 85' lang='grc' dir='ltr'><strong><em>μέλαν</em></strong></span> <span class='ocrx_word' id='word_1_111' title='bbox 318 2751 432 2817; x_wconf 80' lang='grc' dir='ltr'><strong><em>πιέειν·</em></strong></span> <span class='ocrx_word' id='word_1_112' title='bbox 459 2745 498 2816; x_wconf 84' lang='grc' dir='ltr'><strong><em>ίίν</em></strong></span> <span class='ocrx_word' id='word_1_113' title='bbox 520 2751 554 2817; x_wconf 80' lang='grc' dir='ltr'><strong><em>δέ</em></strong></span> <span class='ocrx_word' id='word_1_114' title='bbox 575 2751 705 2840; x_wconf 79' lang='grc' dir='ltr'><strong><em>πρῶτον</em></strong></span> <span class='ocrx_word' id='word_1_115' title='bbox 729 2745 909 2836; x_wconf 78' lang='grc' dir='ltr'><strong><em>μεμάποιεν</em></strong></span> 
     </span>
     <span class='ocr_line' id='line_1_19' title="bbox 83 2871 981 2968; baseline -0.007 -23"><span class='ocrx_word' id='word_1_116' title='bbox 83 2877 229 2965; x_wconf 84' lang='grc' dir='ltr'><strong><em>κείμενον</em></strong></span> <span class='ocrx_word' id='word_1_117' title='bbox 250 2873 272 2962; x_wconf 85' lang='grc' dir='ltr'><strong><em>ή</em></strong></span> <span class='ocrx_word' id='word_1_118' title='bbox 293 2884 456 2946; x_wconf 76' lang='grc' dir='ltr'><strong><em>πίπτοντα</em></strong></span> <span class='ocrx_word' id='word_1_119' title='bbox 477 2871 667 2955; x_wconf 77' lang='grc' dir='ltr'><strong><em>νεούτατον,</em></strong></span> <span class='ocrx_word' id='word_1_120' title='bbox 699 2871 786 2968; x_wconf 84' lang='grc' dir='ltr'><strong><em>ἀμφὶ</em></strong></span> <span class='ocrx_word' id='word_1_121' title='bbox 809 2883 868 2960; x_wconf 81' lang='grc' dir='ltr'><strong><em>μέν</em></strong></span> <span class='ocrx_word' id='word_1_122' title='bbox 890 2871 981 2966; x_wconf 73' lang='grc' dir='ltr'><strong><em>αὐτῷ</em></strong></span> 
     </span>
     <span class='ocr_line' id='line_1_20' title="bbox 83 2985 1028 3099; baseline 0 -28"><span class='ocrx_word' id='word_1_123' title='bbox 83 2999 175 3090; x_wconf 65' lang='grc' dir='ltr'><strong><em>,ιλιι</em></strong></span> <span class='ocrx_word' id='word_1_124' title='bbox 204 2999 321 3093; x_wconf 65' lang='grc' dir='ltr'><strong><em>σπῆι,</em></strong></span> <span class='ocrx_word' id='word_1_125' title='bbox 343 2998 519 3094; x_wconf 63' lang='grc' dir='ltr'><strong><em>μήτιας·</em></strong></span> <span class='ocrx_word' id='word_1_126' title='bbox 550 2985 638 3095; x_wconf 56' lang='grc' dir='ltr'><strong><em>ψύχη</em></strong></span> <span class='ocrx_word' id='word_1_127' title='bbox 664 2997 695 3071; x_wconf 79' lang='grc' dir='ltr'><strong><em>ν</em></strong></span> <span class='ocrx_word' id='word_1_128' title='bbox 726 2997 887 3072; x_wconf 55' lang='grc' dir='ltr'><strong><em>Ἄττεω,</em></strong></span> <span class='ocrx_word' id='word_1_129' title='bbox 910 3004 1028 3099; x_wconf 70' lang='grc' dir='ltr'><strong><em>καιμι</em></strong></span> 
     </span>
     <span class='ocr_line' id='line_1_21' title="bbox 91 3118 1240 3227; baseline -0.002 -27"><span class='ocrx_word' id='word_1_130' title='bbox 91 3128 264 3227; x_wconf 84' lang='grc' dir='ltr'><strong><em>Τάρταρον</em></strong></span> <span class='ocrx_word' id='word_1_131' title='bbox 288 3136 320 3213; x_wconf 78' lang='grc' dir='ltr'><strong><em>ές</em></strong></span> <span class='ocrx_word' id='word_1_132' title='bbox 341 3127 490 3226; x_wconf 73' lang='grc' dir='ltr'><strong><em>κρυόενθ’</em></strong></span> <span class='ocrx_word' id='word_1_133' title='bbox 496 3149 504 3168; x_wconf 99' lang='grc'><strong><em>·</em></strong></span> <span class='ocrx_word' id='word_1_134' title='bbox 531 3137 567 3200; x_wconf 85' lang='grc' dir='ltr'><strong><em>αλ</em></strong></span> <span class='ocrx_word' id='word_1_135' title='bbox 593 3133 626 3199; x_wconf 81' lang='grc' dir='ltr'><strong><em>δέ</em></strong></span> <span class='ocrx_word' id='word_1_136' title='bbox 650 3118 772 3226; x_wconf 85' lang='grc' dir='ltr'><strong><em>φρένας</em></strong></span> <span class='ocrx_word' id='word_1_137' title='bbox 795 3121 855 3200; x_wconf 74' lang='grc' dir='ltr'><strong><em>εὖτ’</em></strong></span> <span class='ocrx_word' id='word_1_138' title='bbox 884 3127 1044 3224; x_wconf 76' lang='grc' dir='ltr'><strong><em>ἀρέσαντο</em></strong></span> <span class='ocrx_word' id='word_1_139' title='bbox 1186 3143 1240 3198; x_wconf 75' lang='lat'><strong><em>255</em></strong></span> 
     </span>
     <span class='ocr_line' id='line_1_22' title="bbox 86 3255 987 3353; baseline 0.001 -26"><span class='ocrx_word' id='word_1_140' title='bbox 86 3257 228 3349; x_wconf 86' lang='grc' dir='ltr'><strong><em>α’ίματος</em></strong></span> <span class='ocrx_word' id='word_1_141' title='bbox 251 3256 452 3353; x_wconf 88' lang='grc' dir='ltr'><strong><em>ἀνδρομέου,</em></strong></span> <span class='ocrx_word' id='word_1_142' title='bbox 488 3256 547 3328; x_wconf 84' lang='grc' dir='ltr'><strong><em>τὸν</em></strong></span> <span class='ocrx_word' id='word_1_143' title='bbox 570 3268 630 3347; x_wconf 79' lang='grc' dir='ltr'><strong><em>μὲν</em></strong></span> <span class='ocrx_word' id='word_1_144' title='bbox 651 3256 830 3352; x_wconf 78' lang='grc' dir='ltr'><strong><em>ῥίπτασκον</em></strong></span> <span class='ocrx_word' id='word_1_145' title='bbox 852 3255 987 3339; x_wconf 88' lang='grc' dir='ltr'><strong><em>ὀπίσσω,</em></strong></span> 
     </span>
     <span class='ocr_line' id='line_1_23' title="bbox 87 3376 979 3480; baseline -0.001 -25"><span class='ocrx_word' id='word_1_146' title='bbox 87 3384 138 3480; x_wconf 79' lang='grc' dir='ltr'><strong><em>ἀφ</em></strong></span> <span class='ocrx_word' id='word_1_147' title='bbox 163 3382 196 3456; x_wconf 81' lang='grc' dir='ltr'><strong><em>δ’</em></strong></span> <span class='ocrx_word' id='word_1_148' title='bbox 221 3381 350 3476; x_wconf 86' lang='grc' dir='ltr'><strong><em>ίίμαδσν</em></strong></span> <span class='ocrx_word' id='word_1_149' title='bbox 373 3392 429 3456; x_wconf 81' lang='grc' dir='ltr'><strong><em>καὶ</em></strong></span> <span class='ocrx_word' id='word_1_150' title='bbox 447 3389 558 3475; x_wconf 80' lang='grc' dir='ltr'><strong><em>μῶλον</em></strong></span> <span class='ocrx_word' id='word_1_151' title='bbox 579 3381 717 3456; x_wconf 83' lang='grc' dir='ltr'><strong><em>έθάνεον</em></strong></span> <span class='ocrx_word' id='word_1_152' title='bbox 743 3376 838 3468; x_wconf 79' lang='grc' dir='ltr'><strong><em>αὖτις</em></strong></span> <span class='ocrx_word' id='word_1_153' title='bbox 859 3385 979 3457; x_wconf 79' lang='grc' dir='ltr'><strong><em>ἰοῦσαι.</em></strong></span> 
     </span>
     <span class='ocr_line' id='line_1_24' title="bbox 86 3507 1103 3612; baseline -0.003 -27"><span class='ocrx_word' id='word_1_154' title='bbox 86 3513 220 3585; x_wconf 77' lang='grc' dir='ltr'><strong><em>Κλωθώ</em></strong></span> <span class='ocrx_word' id='word_1_155' title='bbox 241 3522 298 3585; x_wconf 87' lang='grc' dir='ltr'><strong><em>καὶ</em></strong></span> <span class='ocrx_word' id='word_1_156' title='bbox 321 3510 461 3604; x_wconf 88' lang='grc' dir='ltr'><strong><em>Λάχεσίς</em></strong></span> <span class='ocrx_word' id='word_1_157' title='bbox 487 3542 566 3610; x_wconf 89' lang='grc' dir='ltr'><strong><em>σφιν</em></strong></span> <span class='ocrx_word' id='word_1_158' title='bbox 590 3517 787 3608; x_wconf 78' lang='grc' dir='ltr'><strong><em>ἐφέστασαν·</em></strong></span> <span class='ocrx_word' id='word_1_159' title='bbox 812 3510 832 3599; x_wconf 87' lang='grc' dir='ltr'><strong><em>ή</em></strong></span> <span class='ocrx_word' id='word_1_160' title='bbox 854 3522 914 3612; x_wconf 75' lang='grc' dir='ltr'><strong><em>μέν</em></strong></span> <span class='ocrx_word' id='word_1_161' title='bbox 937 3507 1103 3605; x_wconf 78' lang='grc' dir='ltr'><strong><em>ὑφήσσων,</em></strong></span> 
     </span>
     <span class='ocr_line' id='line_1_25' title="bbox 80 3636 1075 3736; baseline -0.004 -25"><span class='ocrx_word' id='word_1_162' title='bbox 80 3640 259 3736; x_wconf 70' lang='grc' dir='ltr'><strong><em>Ἄτροπος,</em></strong></span> <span class='ocrx_word' id='word_1_163' title='bbox 296 3639 369 3711; x_wconf 81' lang='grc' dir='ltr'><strong><em>οάτι</em></strong></span> <span class='ocrx_word' id='word_1_164' title='bbox 393 3648 487 3713; x_wconf 82' lang='grc' dir='ltr'><strong><em>πέλευ</em></strong></span> <span class='ocrx_word' id='word_1_165' title='bbox 505 3636 629 3732; x_wconf 81' lang='grc' dir='ltr'><strong><em>μεγάλη</em></strong></span> <span class='ocrx_word' id='word_1_166' title='bbox 654 3638 755 3723; x_wconf 86' lang='grc' dir='ltr'><strong><em>θεός,</em></strong></span> <span class='ocrx_word' id='word_1_167' title='bbox 788 3638 871 3711; x_wconf 84' lang='grc' dir='ltr'><strong><em>ἀλλά</em></strong></span> <span class='ocrx_word' id='word_1_168' title='bbox 895 3648 951 3711; x_wconf 86' lang='grc' dir='ltr'><strong><em>καὶ</em></strong></span> <span class='ocrx_word' id='word_1_169' title='bbox 973 3642 1075 3728; x_wconf 84' lang='grc' dir='ltr'><strong><em>ἔμπης</em></strong></span> 
     </span>
    </p>
   </div>
   <div class='ocr_carea' id='block_1_4' title="bbox 86 3759 1240 3865">
    <p class='ocr_par' dir='ltr' id='par_1_5' title="bbox 86 3759 1240 3865">
     <span class='ocr_line' id='line_1_26' title="bbox 86 3759 1240 3865; baseline -0.006 -25"><span class='ocrx_word' id='word_1_170' title='bbox 86 3775 151 3840; x_wconf 84' lang='grc' dir='ltr'><strong><em>τῶν</em></strong></span> <span class='ocrx_word' id='word_1_171' title='bbox 174 3798 212 3860; x_wconf 82' lang='grc' dir='ltr'><strong><em>χε</em></strong></span> <span class='ocrx_word' id='word_1_172' title='bbox 231 3767 294 3858; x_wconf 74' lang='grc' dir='ltr'><strong><em>μέν</em></strong></span> <span class='ocrx_word' id='word_1_173' title='bbox 318 3766 447 3861; x_wconf 85' lang='grc' dir='ltr'><strong><em>ἀλλάων</em></strong></span> <span class='ocrx_word' id='word_1_174' title='bbox 470 3767 639 3865; x_wconf 85' lang='grc' dir='ltr'><strong><em>προφερής</em></strong></span> <span class='ocrx_word' id='word_1_175' title='bbox 661 3765 686 3838; x_wconf 77' lang='grc' dir='ltr'><strong><em>τ’</em></strong></span> <span class='ocrx_word' id='word_1_176' title='bbox 715 3759 771 3853; x_wconf 78' lang='grc' dir='ltr'><strong><em>ἦν,</em></strong></span> <span class='ocrx_word' id='word_1_177' title='bbox 801 3763 1008 3864; x_wconf 81' lang='grc' dir='ltr'><strong><em>πρεσβυτάτη</em></strong></span> <span class='ocrx_word' id='word_1_178' title='bbox 1029 3794 1074 3837; x_wconf 91' lang='grc' dir='ltr'><strong><em>τε.</em></strong></span> <span class='ocrx_word' id='word_1_179' title='bbox 1189 3781 1240 3835; x_wconf 73' lang='grc' dir='ltr'><strong><em>κου</em></strong></span> 
     </span>
    </p>
   </div>
   <div class='ocr_carea' id='block_1_5' title="bbox 74 3893 998 4517">
    <p class='ocr_par' dir='ltr' id='par_1_6' title="bbox 84 3893 998 4246">
     <span class='ocr_line' id='line_1_27' title="bbox 84 3893 998 3993; baseline -0.007 -23"><span class='ocrx_word' id='word_1_180' title='bbox 84 3907 190 3973; x_wconf 81' lang='grc' dir='ltr'><strong><em>πᾶσαι</em></strong></span> <span class='ocrx_word' id='word_1_181' title='bbox 215 3896 248 3966; x_wconf 84' lang='grc' dir='ltr'><strong><em>δ’</em></strong></span> <span class='ocrx_word' id='word_1_182' title='bbox 278 3894 358 3993; x_wconf 79' lang='grc' dir='ltr'><strong><em>ἀμφ’</em></strong></span> <span class='ocrx_word' id='word_1_183' title='bbox 386 3902 431 3970; x_wconf 84' lang='grc' dir='ltr'><strong><em>ε’νὶ</em></strong></span> <span class='ocrx_word' id='word_1_184' title='bbox 457 3904 544 3993; x_wconf 82' lang='grc' dir='ltr'><strong><em>φωτί</em></strong></span> <span class='ocrx_word' id='word_1_185' title='bbox 565 3893 673 3988; x_wconf 85' lang='grc' dir='ltr'><strong><em>μάχην</em></strong></span> <span class='ocrx_word' id='word_1_186' title='bbox 698 3901 844 3991; x_wconf 80' lang='grc' dir='ltr'><strong><em>δριμεῖαν</em></strong></span> <span class='ocrx_word' id='word_1_187' title='bbox 865 3897 998 3966; x_wconf 82' lang='grc' dir='ltr'><strong><em>ἔθεντο·</em></strong></span> 
     </span>
     <span class='ocr_line' id='line_1_28' title="bbox 85 4016 987 4117; baseline -0.008 -23"><span class='ocrx_word' id='word_1_188' title='bbox 85 4022 176 4095; x_wconf 87' lang='grc' dir='ltr'><strong><em>δεινά</em></strong></span> <span class='ocrx_word' id='word_1_189' title='bbox 203 4020 235 4092; x_wconf 82' lang='grc' dir='ltr'><strong><em>δ’</em></strong></span> <span class='ocrx_word' id='word_1_190' title='bbox 264 4027 295 4105; x_wconf 85' lang='grc' dir='ltr'><strong><em>ές</em></strong></span> <span class='ocrx_word' id='word_1_191' title='bbox 318 4020 461 4108; x_wconf 75' lang='grc' dir='ltr'><strong><em>ἀλλήλας</em></strong></span> <span class='ocrx_word' id='word_1_192' title='bbox 485 4020 606 4117; x_wconf 85' lang='grc' dir='ltr'><strong><em>δράκον</em></strong></span> <span class='ocrx_word' id='word_1_193' title='bbox 630 4020 759 4113; x_wconf 79' lang='grc' dir='ltr'><strong><em>ὄμμασι</em></strong></span> <span class='ocrx_word' id='word_1_194' title='bbox 783 4016 987 4112; x_wconf 89' lang='grc' dir='ltr'><strong><em>θυμήνασαι,</em></strong></span> 
     </span>
     <span class='ocr_line' id='line_1_29' title="bbox 84 4147 901 4246; baseline -0.004 -21"><span class='ocrx_word' id='word_1_195' title='bbox 84 4159 119 4224; x_wconf 84' lang='grc' dir='ltr'><strong><em>έν</em></strong></span> <span class='ocrx_word' id='word_1_196' title='bbox 149 4149 182 4220; x_wconf 75' lang='grc' dir='ltr'><strong><em>δ’</em></strong></span> <span class='ocrx_word' id='word_1_197' title='bbox 210 4150 327 4241; x_wconf 79' lang='grc' dir='ltr'><strong><em>ὄνυχας</em></strong></span> <span class='ocrx_word' id='word_1_198' title='bbox 347 4147 457 4244; x_wconf 84' lang='grc' dir='ltr'><strong><em>χεῖράς</em></strong></span> <span class='ocrx_word' id='word_1_199' title='bbox 482 4180 516 4221; x_wconf 86' lang='grc' dir='ltr'><strong><em>τε</em></strong></span> <span class='ocrx_word' id='word_1_200' title='bbox 538 4159 702 4246; x_wconf 87' lang='grc' dir='ltr'><strong><em>θρασείας</em></strong></span> <span class='ocrx_word' id='word_1_201' title='bbox 729 4149 901 4223; x_wconf 77' lang='grc' dir='ltr'><strong><em>ἰσώσαντο.</em></strong></span> 
     </span>
    </p>

    <p class='ocr_par' dir='ltr' id='par_1_7' title="bbox 74 4250 984 4517">
     <span class='ocr_line' id='line_1_30' title="bbox 84 4250 984 4372; baseline 0.001 -22"><span class='ocrx_word' id='word_1_202' title='bbox 84 4277 151 4372; x_wconf 84' lang='grc' dir='ltr'><strong><em>πάρ</em></strong></span> <span class='ocrx_word' id='word_1_203' title='bbox 179 4275 210 4346; x_wconf 79' lang='grc' dir='ltr'><strong><em>δ’</em></strong></span> <span class='ocrx_word' id='word_1_204' title='bbox 241 4250 364 4370; x_wconf 66' lang='grc' dir='ltr'><strong><em>’βχλίις</em></strong></span> <span class='ocrx_word' id='word_1_205' title='bbox 384 4274 520 4366; x_wconf 83' lang='grc' dir='ltr'><strong><em>εἱστήκει</em></strong></span> <span class='ocrx_word' id='word_1_206' title='bbox 544 4275 736 4372; x_wconf 77' lang='grc' dir='ltr'><strong><em>ἐπισμυγερή</em></strong></span> <span class='ocrx_word' id='word_1_207' title='bbox 758 4305 793 4347; x_wconf 89' lang='grc' dir='ltr'><strong><em>τε</em></strong></span> <span class='ocrx_word' id='word_1_208' title='bbox 817 4287 873 4350; x_wconf 83' lang='grc' dir='ltr'><strong><em>καὶ</em></strong></span> <span class='ocrx_word' id='word_1_209' title='bbox 898 4275 984 4365; x_wconf 85' lang='grc' dir='ltr'><strong><em>αι’νή,</em></strong></span> 
     </span>
     <span class='ocr_line' id='line_1_31' title="bbox 74 4403 817 4517; baseline -0.003 -38"><span class='ocrx_word' id='word_1_210' title='bbox 74 4403 209 4517; x_wconf 77' lang='grc' dir='ltr'><strong><em>χλωρή,</em></strong></span> <span class='ocrx_word' id='word_1_211' title='bbox 246 4403 421 4494; x_wconf 84' lang='grc' dir='ltr'><strong><em>άίίσταλέη,</em></strong></span> <span class='ocrx_word' id='word_1_212' title='bbox 457 4412 540 4502; x_wconf 72' lang='grc' dir='ltr'><strong><em>λιμῷ</em></strong></span> <span class='ocrx_word' id='word_1_213' title='bbox 563 4412 817 4492; x_wconf 85' lang='grc' dir='ltr'><strong><em>καταπεπτηυῖα,</em></strong></span> 
     </span>
    </p>
   </div>
   <div class='ocr_carea' id='block_1_6' title="bbox 0 0 1526 5264">
    <p class='ocr_par' dir='ltr' id='par_1_8' title="bbox 0 0 1526 5264">
     <span class='ocr_line' id='line_1_32' title="bbox 0 0 1526 5264; baseline 0 3"><span class='ocrx_word' id='word_1_214' title='bbox 0 0 1526 5264; x_wconf 95' lang='lat' dir='ltr'><strong><em> </em></strong></span> 
     </span>
    </p>
   </div>
  </div>
 </body>
</html>
