3044 5264
212 405 296 479 220
368 404 372 411 ’
488 409 765 486 APPARATUS
792 408 1015 484 CRITICUS.
1116 455 1123 465 κ

210 615 256 686 ad
283 613 470 711 Gorgones
500 616 686 685 transitum
717 613 785 686 sibi
816 620 1001 709 paraverat
1034 601 1114 685 »ταὶ
1149 618 1184 683 δὲ
1217 613 1290 703 μετ’

210 715 505 811 αὐτὸνΓοργὸνεςε
536 718 583 785 ita
611 741 706 787 nune
732 726 789 788 roi
811 722 843 788 δ’
861 717 941 811 ὑπὲρ
960 715 1084 787 αὐτέων
1105 713 1245 809 ἅνδρεςι
1272 740 1293 782 a

212 814 443 914 Gorgonibus
470 819 596 886 transit
622 816 667 886 ad
684 816 778 886 viros
800 825 1000 913 pugnantes
1023 810 1289 884 describendos.

310 926 361 990 oo
392 925 426 988 ae
450 923 597 1011 δεινοῖσι]
634 927 685 991 ἐπὶ
710 925 842 991 δεινοῖσι
868 925 902 989 δὲ
928 916 961 984 D
986 913 1072 984 ΑΜ.
1103 914 1158 983 lu.
1184 909 1222 982 1.
1248 911 1290 984 2.

209 1019 309 1088 Farr.
348 1015 522 1111 Schmidt.
576 1027 626 1093 ἐπὶ
658 1027 810 1092 δεινοῖσιν
841 1026 876 1090 δὲ
909 1016 959 1105 li,
981 1048 1023 1090 ’ν
1048 1024 1083 1088 δὲ
1115 1040 1160 1084 ex
1192 1014 1292 1085 addi-

208 1120 327 1207 tione,
375 1127 410 1189 et
446 1128 525 1213 post
558 1127 609 1191 ἐπὶ
644 1129 719 1189 erat
749 1142 884 1200 rasura.
951 1117 1003 1186 lta
1031 1119 1119 1213 Bog.
1150 1117 1293 1187 Metriei

208 1220 509 1387 igitussgssm
533 1229 599 1344 est.
624 1261 675 1272 -
724 1220 891 1387 καρηνοιὲ]
919 1218 1088 1313 καρηνοισι
1115 1217 1168 1386 ΕΙ.)
1203 1313 1273 1387 ΑΜ

311 1360 335 1387 ,ι
393 1371 402 1389 .
789 1333 795 1352 ’
854 1348 857 1356 ·
996 1344 1025 1388 r.
1056 1344 1105 1386 m.
1277 1368 1289 1386 .

208 1421 266 1491 lu.
287 1416 324 1489 1.
343 1415 384 1488 2.
416 1328 868 1516 Κιξρέἑὲῗιςὲη.ΓορΓ9οερ]1ιςής
900 1343 993 1488 lam.p
1032 1428 1208 1514 Γσργείοι,
1255 1421 1294 1488 in

208 1518 280 1591 fine
307 1546 484 1615 superscr.
513 1553 534 1608 η
561 1520 608 1591 G.
675 1520 827 1591 Videtur
859 1545 903 1590 ex
930 1520 1116 1589 Homerico
1153 1528 1295 1616 Γοργείη

208 1623 336 1721 κεφαλή
361 1632 480 1690 natum
506 1647 602 1710 csse,
638 1620 683 1691 ll.
708 1622 755 1711 V,
782 1617 872 1689 711.
914 1619 986 1737 (id.
1008 1620 1078 1709 Xi,
1107 1615 1199 1687 655.

208 1822 277 1894 ετ..
304 1717 593 1894 iiimfffit.
622 1718 1291 1918 ι9ἷ1ερ99..19991νὲ9199]Ῐὲἷῖ

487 1881 509 1920 ὓ

207 1918 298 1993 879.
352 1923 496 1994 Miilicr.
522 1922 550 1992 l.
574 1922 601 1993 l.
626 1918 708 1992 890
734 1949 811 2018 seq.

77 2079 81 2087 .
308 2019 402 2092 257.
456 2025 595 2116 αὐτέων]
623 2031 730 2097 αὐτῶν
750 2024 855 2092 le
878 2032 914 2093 et
930 2049 1001 2119 mg.
1023 2023 1066 2094 li.
1096 2048 1140 2093 ex
1158 2022 1290 2120 glossa,

208 2123 277 2196 eir.
295 2148 394 2218 supr.
415 2148 453 2218 p.
472 2119 527 2192 54
540 2134 574 2193 et
584 2119 648 2193 57.
688 2125 755 2194 cir.
775 2125 881 2193 Hom.
902 2122 946 2192 ll.
969 2124 1055 2212 XII,
1076 2120 1173 2193 191.
1223 2127 1295 2208 »ὣς

208 2227 275 2319 ἄρα
310 2225 386 2308 τοὺς
421 2233 564 2317 διέεργον
595 2224 754 2309 ἐπάλξιες·
792 2235 824 2298 οἱ
857 2225 892 2297 δ’
925 2226 1006 2322 ὑπὲρ
1039 2225 1162 2298 αὐτέων
1192 2226 1294 2326 δῄουν

209 2324 419 2412 ἂλλιὶλων-
435 2330 612 2408 dentiae«
651 2325 753 2394 Diae.
790 2326 962 2422 »ὑπεράνω
993 2333 1058 2398 τῶν
1081 2334 1115 2397 Γ
1112 2326 1293 2422 cerdone.-

310 2418 404 2492 258.
458 2425 634 2518 πολεμήϊα]
662 2432 811 2525 πολέμῇα
832 2451 881 2495 m.
934 2423 1062 2524 τεύχε’]
1090 2423 1189 2496 abest
1210 2425 1289 2495 aC.

310 2517 403 2593 239.
458 2525 539 2618 ἀπὸ]
571 2527 652 2624 ὑπὲρ
687 2526 789 2627 ΑΒΓ
798 2525 898 2596 1th
933 2538 990 2599 ὀἱ
1019 2541 1079 2620 μὲν
1112 2527 1293 2621 μαχόμενοι

209 2625 291 2721 ὑπὲρ
325 2632 385 2716 τῆς
420 2628 507 2710 ἰδίας
549 2627 673 2711 πόλεως
714 2639 769 2700 καὶ
804 2629 884 2722 ὑπὲρ
919 2636 984 2701 τῶν
1022 2632 1113 2701 ἰδίων
1149 2637 1293 2721 γονέων·

209 2725 314 2797 Diae.
343 2769 394 2780 —
453 2728 518 2799 ὑπὸ
555 2724 802 2798 DGRSTV
828 2727 914 2797 Ald.
950 2724 1125 2797 Ιο.1.9.
1165 2729 1289 2797 Trinc.

210 2825 314 2897 Farr.
354 2828 445 2925 Bog.
483 2829 586 2897 Bass.
624 2826 749 2923 steph.
790 2828 890 2898 Com.
936 2829 1064 2898 Heins.
1113 2827 1288 2899 Schmidt.

209 2927 388 3000 Wintert.
417 2974 467 2986 -
517 2929 582 3002 ἀπὸ
611 2929 732 3000 Pasor.
762 2927 892 2999 Graev.
922 2928 1017 2999 Cler.
1047 2928 1195 3001 Sehrev.
1222 2931 1293 2999 Ro·

208 3023 306 3099 bins.
343 3027 474 3100 Loeso.
513 3029 640 3098 Heinr.
688 3028 804 3099 Gaisf.
843 3029 959 3100 Boiss.
1002 3028 1112 3099 Dina.
1154 3028 1288 3100 Goetti.

210 3127 361 3200 Guietus
398 3131 460 3202 »τὸ
484 3130 548 3202 ὑπὸ
575 3127 634 3200 hic
661 3155 726 3224 pro
750 3131 848 3228 ὑπὲρ,
883 3155 961 3225 pro.
1014 3132 1074 3200 An
1099 3129 1290 3229 legendum

209 3227 304 3300 ἀπὸ]
339 3229 494 3322 placet«
547 3227 619 3299 Sed
642 3230 734 3300 idem
763 3232 831 3300 iam
859 3243 962 3301 antea
989 3232 1116 3320 Pasor,
1159 3231 1292 3302 tectore

136 3407 140 3417 ¹
210 3353 282 3398 non
310 3330 455 3398 monito.
520 3330 571 3398 Ex
610 3327 713 3400 libris
747 3330 854 3402 MSS.
884 3330 972 3403 haec
1008 3334 1181 3428 scriptura
1218 3358 1290 3401 non

209 3428 369 3501 affertur.
394 3471 444 3483 -
506 3429 632 3525 Nuper
655 3432 880 3503 Hermannus
911 3432 937 3503 l.
969 3432 995 3502 l.
1033 3460 1072 3528 p.
1097 3430 1176 3502 190
1209 3436 1292 3526 ὑπὲρ

209 3532 410 3622 revocavit,
448 3531 588 3602 merito.
641 3530 733 3602 Nam
759 3535 947 3604 cohaerent
969 3536 1084 3605 omnia
1108 3560 1188 3605 cum
1206 3560 1293 3609 voce

210 3632 442 3727 ἐμαρνάσθην·
481 3644 534 3705 τοὶ
558 3645 618 3725 μὲν
638 3635 717 3731 ὑπὲρ
743 3647 899 3731 σφετέρης
923 3635 1037 3721 πόλιος
1067 3648 1232 3734 σφετέρων
1258 3671 1294 3713 τε

210 3735 351 3822 τοκήων,
387 3732 495 3803 altera
521 3758 604 3828 pars
629 3759 694 3828 pro
721 3736 853 3828 patriae
880 3747 1136 3832 parentumque
1161 3738 1289 3829 salute,

210 3837 323 3926 λοιμὸν
347 3834 541 3926 ἀμύνοντες,
574 3834 766 3929 pernicicm
794 3848 975 3927 avertens,
1011 3838 1088 3908 sine
1113 3865 1216 3929 casu,
1254 3854 1294 3912 ut

211 3958 315 4027 saepe
341 3933 436 4029 apud
464 3933 675 4024 Homerum,
712 3934 756 4003 li.
777 3933 826 4024 V,
851 3933 953 4026 605,
985 3937 1059 4028 Vl,
1087 3936 1181 4032 165,
1219 3944 1289 4031 ΙΧ,

209 4027 287 4101 599
318 4033 427 4105 altera
454 4061 557 4127 vero,
584 4034 629 4105 ad
655 4032 779 4106 urbem
804 4034 988 4107 delendam
1005 4053 1139 4134 parata.
1183 4045 1292 4116 Recte

209 4133 322 4230 igitur
354 4135 463 4207 Dind.
504 4148 538 4208 et
574 4136 707 4208 Gocttl.
746 4148 825 4232 post
858 4144 982 4232 ἔχοντες
1017 4167 1153 4213 commo
1184 4170 1291 4240 posn-

210 4244 335 4324 erunt,
375 4236 469 4331 quod
496 4237 589 4308 idem
611 4237 772 4310 Wolfius
798 4238 914 4310 faeere
939 4239 1101 4313 debebat.
1131 4287 1181 4299 —-
1232 4247 1293 4319 πό-

209 4343 295 4433 λιος]
321 4338 443 4423 πόληος
465 4337 493 4408 C
506 4340 537 4409 G
550 4338 575 4410 S
586 4340 632 4409 V.
687 4339 729 4409 111
749 4338 783 4409 Α
814 4373 826 4412 ι
852 4366 896 4411 cx
927 4345 1143 4415 correctione
1170 4358 1237 4416 cst.

311 4431 410 4505 910.
464 4441 590 4537 λοιγὸν]
616 4444 733 4536 λοιμὸν
754 4441 838 4514 Bas.
866 4438 905 4511 5.
933 4439 973 4515 1.
1025 4449 1201 4545 πραθέειν]
1224 4458 1295 4522 δια·
