3044 5264
223 377 306 455 uro
417 330 422 341 ’
501 383 779 461 arrabanus
811 379 1035 459 carneus,

224 613 344 709 gium,
383 611 539 710 Opusee.
567 612 647 684 1.1.
687 640 724 710 p.
746 608 835 682 198.
910 610 1019 685 ·Wo
1053 603 1140 682 aber
1175 605 1307 684 drumart

223 726 318 786 aeaut
341 717 429 786 noclt
453 725 576 791 θοινᾶν
610 726 694 786 stau
716 723 911 790 θοινᾶσθαι
943 712 1032 784 vor?
1098 710 1205 784 Auelt
1241 716 1309 785 der

132 884 136 889 .
225 817 315 888 Sion
339 817 496 915 vorlanpt
523 828 673 918 ἐφοίτων.
750 817 854 886 Deua
879 825 1019 902 ἔλλοπας
1043 818 1143 909 ἰχθῦς
1167 818 1211 885 ἰοί
1235 842 1306 887 von

222 920 503 1018 ἀναφυσιόωντες,
529 944 601 989 was
626 917 947 1016 »arefielaeuelaendc
974 918 1145 1006 bedentet,
1169 917 1303 988 ablatio-

220 1025 324 1121 959st
374 1018 503 1118 quibus
538 1022 577 1088 in
612 1017 730 1089 verbis
764 1020 937 1113 imprimis
974 1015 1088 1106 illud,
1127 1016 1224 1113 quod
1258 1016 1305 1090 de

223 1125 367 1193 notione
393 1122 489 1191 vocis
517 1124 777 1220 ἀναφυσιόωντες
802 1118 934 1190 dietum
960 1130 1035 1207 est,
1062 1116 1204 1213 probari
1229 1143 1305 1189 non

223 1234 358 1320 potest,
397 1221 463 1293 cir.
493 1219 537 1291 ad
563 1247 617 1291 vs.
636 1216 727 1290 211.
781 1220 908 1318 Neque
933 1218 1024 1289 illud
1045 1244 1208 1315 maguam
1231 1221 1307 1290 uim

220 1322 346 1409 habet,
387 1321 484 1419 quod
516 1321 559 1393 de
585 1323 690 1392 activi
724 1321 839 1393 forma
865 1321 1015 1413 dieitur,
1070 1345 1150 1389 nam
1178 1345 1302 1417 quam·

221 1450 326 1521 quam
363 1447 480 1519 neque
516 1421 720 1518 Stephanus
753 1425 791 1492 in
829 1426 1016 1511 thesauro,
1079 1445 1195 1517 neque
1238 1423 1304 1492 alii

219 1525 413 1595 lexicorum
449 1522 650 1594 conditores
685 1522 727 1595 de
758 1549 798 1595 ea
835 1522 1061 1611 dubitarunt,
1112 1533 1229 1591 tamen
1262 1524 1303 1593 in

123 1694 128 1709 ,
219 1624 370 1721 proclivi
401 1634 474 1712 est,
523 1624 930 1706 idooadvr'emendare.
1014 1623 1094 1692 Vox
1129 1633 1170 1692 ut
1203 1621 1304 1717 apud

219 1726 414 1797 Homerum
442 1722 572 1795 frustra
588 1726 802 1822 quaeritur,
843 1727 892 1796 ita
918 1723 1062 1796 omnino
1094 1732 1173 1792 raro
1204 1721 1304 1817 apud

217 1838 356 1897 veteres
399 1824 542 1922 legitur.
631 1825 805 1922 Equidem
847 1825 931 1897 lieet
972 1822 1057 1895 libri
1099 1823 1138 1891 in
1184 1821 1301 1895 forma

121 1992 124 1996 .
218 1937 358 2024 ἐφοίτων
400 1929 488 1996 mire
531 1929 773 2017 consentiant,
819 1937 937 1998 tamen
979 1935 1120 2025 ἐφοίτων
1159 1929 1301 2011 ἔλλοπας

217 2032 316 2122 ἰχθῦς
354 2052 394 2097 ea
429 2026 565 2098 ratione
597 2030 690 2097 sumi
721 2039 815 2098 recte
843 2051 966 2123 posse,
1008 2038 1050 2097 ut
1069 2025 1117 2095 sit
1142 2033 1301 2100 ιε’δίωκον

217 2140 356 2213 ἔλλοπος
383 2136 515 2221 paug„
563 2152 636 2197 non
669 2140 755 2223 puto
791 2130 997 2224 retineoque
1031 2126 1179 2196 Diaconi
1209 2127 1298 2196 seri·

216 2240 362 2324 pturam
387 2230 456 2317 ita,
503 2239 542 2297 ut
578 2226 673 2318 dixi,
716 2227 909 2325 paullisper
933 2231 1151 2298 immutatam
1187 2223 1298 2321 (ἔθου

215 2329 344 2426 νῶντ”).
396 2328 503 2410 Erat,
540 2353 650 2424 quum
685 2337 920 2428 ἐροίβὸουυ,
945 2328 1014 2401 ο1ι·.
1042 2326 1171 2421 Οι1.μ,
1194 2322 1293 2419 101,

216 2424 315 2519 105,
343 2423 443 2515 106,
475 2423 581 2517 150,
617 2432 841 2501 coniicerem.

315 2537 453 2615 ittonae
478 2532 593 2624 ἰχθῦς]
646 2529 688 2599 1ο
715 2532 842 2625 spiritu
860 2528 933 2601 leni
958 2555 1080 2601 omnes
1104 2530 1188 2603 libri
1209 2557 1294 2604 con·

215 2632 376 2732 veniunt.
432 2630 464 2699 11
497 2637 661 2717 »ittonae
690 2634 804 2725 ἰχθῦς·
840 2633 970 2731 ἄφωνον
1000 2635 1091 2728 παρὰ
1124 2638 1162 2710 τὸ
1197 2644 1296 2709 ittet·

214 2765 285 2806 ποου
309 2735 370 2823 τὴν
394 2732 463 2806 ὅπα
495 2732 596 2822 ἤγουν
619 2736 681 2822 τὴν
710 2734 864 2831 φωνήνι
908 2733 976 2804 eir.
1007 2734 1162 2832 llesyeb.
1197 2761 1228 2806 s.
1254 2761 1291 2805 v.

214 2839 345 2920 ἔλλοπος
370 2835 409 2924 l,
438 2828 561 2923 1182,
598 2858 630 2903 ο.
667 2843 740 2904 not.
778 2831 863 2903 Alb.
898 2834 1015 2932 Etym.
1042 2836 1094 2905 Μ.
1125 2832 1218 2927 551,
1241 2831 1291 2906 51

214 2959 247 3006 ο.
278 2933 395 3003 Sturz.
425 2944 525 3024 non,
565 2932 660 3005 Gud.
695 2959 733 3029 p.
752 2930 844 3023 185,
867 2931 918 3004 18
937 2959 1021 3032 aeq.
1063 2931 1147 3035 (ubi
1182 2939 1293 3008 eorri·

214 3031 323 3130 gend.
361 3043 505 3131 νὲλλοψ,
548 3042 700 3119 ἔλλοπος·
734 3037 753 3110 ὁ
787 3037 901 3129 ἰχθύς,
947 3038 965 3110 ὁ
998 3039 1219 3134 ἐλλενπὸμτνος
1253 3050 1294 3140 τῇ

172 3224 174 3226 q
213 3136 271 3207 ὄπι
295 3135 398 3224 ἤγουν
431 3142 472 3232 τῇ
505 3144 613 3235 φωνῇ,
656 3137 756 3226 ἤγουν
781 3145 822 3237 τῇ
846 3138 1098 3239 ἀνθρωπίνφι).
1173 3140 1292 3210 Aliter

212 3231 349 3302 Athen.
372 3232 458 3322 Vll,
491 3259 528 3329 p.
549 3232 632 3304 508
648 3237 689 3305 Β.
723 3236 901 3334 (Eustath.
931 3237 977 3308 ad
1006 3241 1113 3311 Hom.
1143 3239 1214 3311 0d.
1249 3266 1288 3335 p.

212 3329 334 3422 1720,
359 3329 427 3403 51.
469 3333 591 3406 Sebol.
621 3337 773 3409 Theocr.
799 3335 830 3428 l,
852 3334 921 3436 12)
956 3340 1051 3435 apud
1075 3366 1180 3436 quem
1207 3338 1293 3411 libri
1327 3352 1330 3357 ’

212 3434 378 3506 nonnulli
403 3460 567 3531 asperum
593 3436 765 3510 exhibent
788 3440 971 3535 spiritum,
1014 3442 1137 3538 quiin
1164 3443 1292 3511 Latino

94 3576 95 3581 ν
212 3563 356 3635 quoque
382 3561 565 3628 sermone,
599 3540 762 3635 inquom
789 3539 908 3612 eadem
936 3566 1006 3612 vox
1032 3540 1197 3612 translata
1221 3552 1290 3627 est,

211 3642 400 3734 reperitur.
456 3638 625 3712 Sebneid.
643 3640 728 3711 Lat.
742 3642 972 3713 Elementarl.
987 3642 1019 3733 l,
1046 3669 1083 3739 p.
1100 3639 1161 3712 19.
1217 3641 1291 3712 Sed

210 3739 302 3810 nibil
338 3741 408 3812 nisi
452 3739 616 3811 mendum
659 3740 749 3812 illud
791 3769 868 3814 esse
905 3742 1077 3814 librorum
1114 3741 1292 3814 Athenaei

211 3866 321 3938 quum
350 3844 426 3939 ipsa
453 3842 640 3939 originatio
668 3846 764 3914 vocis
790 3871 809 3914 a
841 3842 950 3915 verbo
981 3854 1136 3923 ὶλλεοθοι
1171 3855 1291 3914 osten·

210 3941 291 4012 dat:
343 3969 470 4015 vereor
503 3969 546 4014 ne
581 3946 697 4013 minus
734 3958 827 4016 reete
864 3944 1020 4017 Graecae
1053 3946 1162 4016 buius
1193 3946 1290 4014 vocis

208 4045 355 4138 spiritns
377 4044 446 4116 sibi
472 4070 544 4116 non
570 4055 730 4116 constare
750 4045 906 4137 dicatur,
935 4044 1091 4118 Lobecb.
1113 4045 1157 4116 ad
1175 4044 1288 4142 Soph.

208 4142 310 4239 Ajae.
346 4141 520 4216 v.1297.
562 4147 629 4217 eir.
660 4146 818 4219 Ellendt.
849 4147 938 4220 Lex.
977 4146 1146 4244 Sophoel.
1190 4171 1222 4216 a.
1250 4171 1287 4214 v.

208 4245 309 4330 ἕλλός.
334 4290 385 4304 -
462 4245 569 4342 Apud
609 4248 804 4320 Homerum
851 4247 944 4321 hane
988 4274 1109 4321 vocem
1157 4247 1290 4317 frustra

209 4346 417 4443 quaesieris.
444 4389 495 4399 —
565 4349 619 4421 De
646 4349 788 4422 Heinsii
811 4350 1033 4450 aliorumque
1064 4347 1289 4451 quorundam
