3044 5264
355 409 636 486 APPARATUS
671 407 895 484 CRlTlCUS.
1100 398 1174 472 177

87 615 243 716 pendet3
277 613 391 693 voluit
416 616 510 685 euim
542 624 643 709 poeta
677 611 767 683 nibil
793 613 863 683 nisi
901 609 1048 683 formam
1086 611 1177 684 scuti
1215 652 1217 659 ·

88 722 168 792 visu
195 716 392 791 mirabilem
424 711 623 787 accuratius
646 713 861 786 describere.
916 712 1010 782 Hinc
1036 710 1177 783 easdem

88 846 194 894 voees
216 819 273 891 vel
298 820 440 914 saepius
465 815 676 905 inculcavit,
711 827 753 887 ut
772 813 873 886 224:

190 916 286 992 142.
339 916 551 1018 ὑπολαμπὲς]
588 920 773 1013 ὑπελαμπές
800 918 847 990 G.
900 920 960 992 rint
994 917 1178 1012 λαμπέςθ

90 1053 110 1098 a
145 1052 201 1122 pr.
234 1050 284 1093 m.
336 1024 543 1116 ὑπερλαμαὲς
563 1019 687 1092 CLS.
741 1022 945 1115 ὑπεκλαμπὲς
971 1019 1020 1090 V.
1084 1020 1179 1090 llaae

90 1153 162 1198 vox
190 1151 306 1221 neque
333 1125 370 1194 iu
396 1123 550 1194 Homero
576 1123 774 1218 reperitur,
821 1148 936 1218 neque
961 1120 1057 1217 apud
1090 1120 1179 1193 alios
1291 1216 1293 1218 q

92 1230 282 1323 scriptores
319 1224 488 1321 frequens
524 1237 591 1296 est.
662 1224 784 1294 Minus
811 1227 905 1295 recte
942 1225 1010 1294 iam
1044 1228 1180 1295 veteres

93 1329 301 1402 scholiastae
332 1327 380 1396 ita
409 1328 627 1422 loquuntur,
668 1338 708 1396 ut
736 1327 926 1418 ὑπολαμπὲς
953 1331 1009 1413 ἔην
1038 1335 1074 1395 et
1098 1335 1181 1418 λαμ-

92 1434 252 1526 πόμενον,
296 1452 387 1525 quac
413 1429 576 1524 repetitio
607 1453 662 1496 vs.
687 1422 733 1496 71
762 1439 798 1498 et
824 1423 874 1502 72
912 1428 950 1496 iu
976 1427 1181 1497 memoriam

93 1542 252 1619 revocat,
281 1528 382 1628 uullo
408 1528 613 1601 discrimine
640 1529 731 1617 dici,
759 1528 952 1601 credidisse
978 1527 1179 1600 videantur.

94 1632 168 1705 Sed
203 1658 353 1703 aurum
393 1657 505 1729 quum
539 1632 578 1701 iu
614 1641 686 1701 tota
713 1629 950 1726 descriptione
976 1632 1182 1725 saepissime

93 1744 408 1822 commemoretur,
455 1741 586 1820 τέτανος
620 1742 764 1821 contra,
810 1734 965 1829 ἤλεκτρος
998 1741 1034 1802 et
1065 1741 1185 1829 ἐλέφας

95 1862 310 1932 numquam,
348 1844 451 1929 poeta
477 1836 544 1904 iam
573 1832 611 1903 b.
635 1832 662 1907 l.
692 1831 929 1931 significavit,
964 1835 1043 1903 auri
1064 1831 1184 1931 splen·-

95 1939 216 2010 dorem
243 1961 327 2032 prae
351 1934 499 2032 reliquis
526 1937 693 2005 omnibus
718 1937 887 2005 eximium
914 1934 1040 2005 luisse.

198 2034 290 2109 115.
342 2041 479 2137 κυάνου]
512 2045 634 2111 κυανοῦ
663 2037 690 2105 Β
717 2036 840 2108 'l'riuc
878 2035 1005 2131 Stepb.
1035 2061 1108 2133 mg.
1137 2081 1186 2100 -.

99 2138 246 2215 aeabest
270 2165 289 2209 a
316 2138 454 2208 CS.-
503 2141 559 2212 διὰ
585 2139 717 2236 πτύχες]
743 2137 795 2208 lta
824 2139 1037 2212 recentiores
1064 2162 1187 2209 omues

98 2253 217 2333 recte,
252 2243 289 2311 iu
316 2238 417 2310 libris
437 2237 546 2310 MSS.
572 2252 608 2310 et
632 2239 677 2309 ab
703 2238 965 2337 antiquioribus
992 2236 1187 2310 editoribus

99 2342 268 2415 scribitur
294 2342 465 2434 διαπτὺχες
489 2344 519 2409 Α
545 2340 669 2413 Trinc.
689 2343 745 2411 lu.
761 2336 803 2410 2.
857 2343 1031 2434 διάπτυχες
1057 2338 1184 2435 Stoptr.

101 2445 289 2538 ὃιαατιῖχεες
314 2442 509 2513 DGttsv
539 2442 626 2512 Ald.
647 2442 705 2512 lu.
726 2437 764 2512 1.
793 2438 913 2511 Bas.l
944 2444 996 2537 (iu
1023 2440 1070 2512 G.
1103 2439 1185 2510 add.

101 2549 288 2641 interpret.
328 2543 556 2638 διπλώματα).
617 2544 811 2637 δοαπτύχεας
838 2544 878 2612 Β.
934 2549 1111 2637 drcnrr'ch
1142 2542 1186 2612 C.

102 2647 206 2719 Nilril
230 2645 343 2716 bonae
366 2647 482 2743 l'rogis
508 2672 553 2716 ex
578 2643 633 2717 bis
650 2642 861 2739 corruptelis
880 2643 1039 2741 exsculpi
1058 2654 1187 2738 potest.

104 2750 282 2822 »Versum
319 2746 415 2821 barud
452 2745 755 2843 dubiespurium
790 2744 877 2816 dicit
901 2745 1021 2842 Heyn.
1050 2742 1188 2814 Obsvv.

104 2849 150 2920 ad
173 2849 276 2920 lliad.
296 2848 445 2935 XVlll,
468 2844 544 2918 181
574 2860 718 2944 propter
745 2873 847 2918 usum
872 2872 950 2917 voc.
979 2845 1096 2938 πτύχες
1119 2871 1189 2914 non

105 2952 357 3022 Homericum·
386 2949 514 3019 lleiur.
540 2952 577 3019 iu
604 2976 678 3044 mg.
699 2995 746 3006 —
800 2949 876 3017 lloo
902 2948 999 3018 enim
1012 2945 1192 3017 Hesiodeo

104 3056 155 3123 in·
175 3050 253 3123 loeo
286 3053 358 3141 uit,
406 3052 531 3147 πτύχας
561 3050 605 3122 de
631 3050 751 3120 fasciis
777 3074 839 3120 scu
869 3049 990 3138 zonis,
1032 3049 1076 3118 iu·
1104 3073 1194 3144 quas

104 3153 312 3250 superficies
351 3151 455 3249 clipei
492 3152 604 3223 divisa
636 3151 743 3222 suerit
768 3177 840 3222 nou
863 3176 966 3246 posse
993 3176 1064 3222 nou
1089 3147 1191 3219 intel·

107 3258 192 3353 ligi,
229 3256 315 3352 quia
347 3253 391 3324 (le
424 3280 559 3324 summa
587 3265 713 3352 agatur
739 3251 947 3348 superficies
998 3251 1094 3349 apud
1120 3250 1194 3322 llo·

108 3382 245 3427 merum
284 3381 367 3431 vero
403 3381 480 3425 esse
516 3354 666 3428 laminas
703 3353 849 3426 alteram
888 3352 991 3426 alteri
1021 3353 1195 3448 superim-

107 3459 255 3554 positas.
324 3453 431 3552 Quod
457 3469 497 3527 ut
522 3456 717 3546 concedas,
758 3467 875 3527 tamen
908 3453 1001 3524 uibil
1034 3454 1116 3524 iude
1142 3477 1195 3522 se·

109 3561 252 3655 quitur,
305 3560 375 3628 nisi
418 3560 649 3630 recentiorem
689 3583 766 3630 esse
792 3557 950 3630 Homero
984 3566 1124 3650 poetam
1162 3566 1199 3624 et

110 3657 230 3754 paullo
256 3657 380 3751 aliter,
409 3686 515 3756 quam
540 3657 656 3749 illum,
684 3685 770 3731 voce
792 3684 896 3729 usum
917 3681 1008 3728 esse.
1064 3655 1197 3728 lleesse

109 3785 236 3828 sersus
262 3786 332 3830 non
361 3773 495 3854 potest,
522 3764 623 3832 cuius
647 3787 764 3831 veram
787 3758 1113 3855 interpretationem
1137 3781 1197 3851 pe·

111 3872 166 3930 tas
179 3856 223 3938 ab
237 3859 284 3930 0.
298 3862 449 3933 bltillero
470 3860 664 3933 Arelmeol.
679 3861 716 3930 V
714 3862 904 3931 irrcb'octioo
919 3858 1072 3932 deslles.
1084 3858 1198 3928 tto-a-

110 3959 394 4052 lles-Sebildes,
421 3963 549 4039 Zirnm.
566 3962 612 4034 Ζ.
629 3963 661 4067 s.
677 3960 856 4052 Attene„
883 3953 1042 4046 tullidll,
1060 3954 1195 4054 p.88‘.l.

112 4061 227 4135 Aliter
248 4061 486 4152 Wcleberus,
534 4064 580 4136 Z.
602 4063 634 4162 s.
661 4063 732 4135 alte
757 4064 896 4147 Rome,
936 4087 972 4154 p·
993 4055 1070 4136 555
1094 4086 1197 4166 seqq.

214 4159 309 4233 111.
363 4175 397 4239 ἐν
420 4174 547 4263 μέσσῳ]
573 4175 607 4238 ἓν
631 4175 719 4264 μέσῳ
745 4159 983 4235 BGlliSV.

213 4273 248 4342 et
273 4266 470 4364 δράκοντος]
502 4271 586 4338 1ιοοο
612 4279 665 4337 est
688 4276 888 4338 nostrorum
919 4263 1092 4341 librorum
1116 4264 1202 4334 seri·

113 4375 237 4464 ptura,
280 4376 375 4459 patet
406 4378 523 4436 tamen
553 4394 597 4438 ex
627 4365 793 4456 scholiis,
834 4366 1010 4438 exstitisse
1039 4365 1143 4436 aliaeu
1169 4364 1200 4435 rl'

113 4468 322 4561 ἀδάμαντος,
362 4467 412 4541 cl.
442 4467 567 4542 Herm.
592 4465 742 4568 (lpuscc.
770 4467 795 4539 l.
822 4469 850 4540 1.
887 4491 924 4564 p.
945 4461 1061 4559 197„
1112 4488 1204 4562 quae

926 4585 977 4668 12
