<?xml version="1.0" encoding="UTF-8"?>
<!DOCTYPE html PUBLIC "-//W3C//DTD XHTML 1.0 Transitional//EN"
    "http://www.w3.org/TR/xhtml1/DTD/xhtml1-transitional.dtd">
<html xmlns="http://www.w3.org/1999/xhtml" xml:lang="en" lang="en">
 <head>
  <title>
</title>
<meta http-equiv="Content-Type" content="text/html;charset=utf-8" />
  <meta name='ocr-system' content='tesseract 3.04.00' />
  <meta name='ocr-capabilities' content='ocr_page ocr_carea ocr_par ocr_line ocrx_word'/>
</head>
<body>
  <div class='ocr_page' id='page_1' title='image "./hesiodiquodfert00wolfgoog_0332.png"; bbox 0 0 3044 5264; ppageno 0'>
   <div class='ocr_carea' id='block_1_1' title="bbox 383 371 1179 457">
    <p class='ocr_par' dir='ltr' id='par_1_1' title="bbox 383 371 1179 457">
     <span class='ocr_line' id='line_1_1' title="bbox 383 371 1179 457; baseline -0.01 -2"><span class='ocrx_word' id='word_1_1' title='bbox 383 375 705 456; x_wconf 70' lang='lat' dir='ltr'><strong>exoniensem</strong></span> <span class='ocrx_word' id='word_1_2' title='bbox 731 377 892 457; x_wconf 79' lang='lat' dir='ltr'><strong>EDle</strong></span> <span class='ocrx_word' id='word_1_3' title='bbox 1099 371 1179 448; x_wconf 76' lang='lat'><strong>515</strong></span> 
     </span>
    </p>
   </div>
   <div class='ocr_carea' id='block_1_2' title="bbox 21 560 1257 4428">
    <p class='ocr_par' dir='ltr' id='par_1_2' title="bbox 93 560 1182 1065">
     <span class='ocr_line' id='line_1_2' title="bbox 97 560 1182 681; baseline -0.002 -24"><span class='ocrx_word' id='word_1_4' title='bbox 97 584 307 681; x_wconf 88' lang='lat' dir='ltr'><strong>interposito</strong></span> <span class='ocrx_word' id='word_1_5' title='bbox 324 592 361 655; x_wconf 89' lang='lat' dir='ltr'><strong>et</strong></span> <span class='ocrx_word' id='word_1_6' title='bbox 375 595 535 671; x_wconf 62' lang='lat' dir='ltr'><strong>samatus,</strong></span> <span class='ocrx_word' id='word_1_7' title='bbox 560 577 689 654; x_wconf 89' lang='lat' dir='ltr'><strong>deinde</strong></span> <span class='ocrx_word' id='word_1_8' title='bbox 707 585 783 671; x_wconf 73' lang='lat' dir='ltr'><strong>rain</strong></span> <span class='ocrx_word' id='word_1_9' title='bbox 808 581 845 652; x_wconf 91' lang='lat' dir='ltr'><strong>ln</strong></span> <span class='ocrx_word' id='word_1_10' title='bbox 869 560 985 678; x_wconf 82' lang='lat' dir='ltr'><strong>primo</strong></span> <span class='ocrx_word' id='word_1_11' title='bbox 1002 591 1182 655; x_wconf 82' lang='lat' dir='ltr'><strong>versuest</strong></span> 
     </span>
     <span class='ocr_line' id='line_1_3' title="bbox 96 679 1177 781; baseline -0.007 -20"><span class='ocrx_word' id='word_1_12' title='bbox 96 713 140 761; x_wconf 83' lang='lat' dir='ltr'><strong>sx</strong></span> <span class='ocrx_word' id='word_1_13' title='bbox 167 685 260 758; x_wconf 90' lang='lat' dir='ltr'><strong>libro</strong></span> <span class='ocrx_word' id='word_1_14' title='bbox 281 683 468 775; x_wconf 78' lang='lat' dir='ltr'><strong>llledicc03</strong></span> <span class='ocrx_word' id='word_1_15' title='bbox 502 716 539 777; x_wconf 76' lang='lat' dir='ltr'><strong>ys</strong></span> <span class='ocrx_word' id='word_1_16' title='bbox 561 694 622 779; x_wconf 74' lang='grc' dir='ltr'><strong>μὲν</strong></span> <span class='ocrx_word' id='word_1_17' title='bbox 646 708 712 781; x_wconf 90' lang='lat' dir='ltr'><strong>pro</strong></span> <span class='ocrx_word' id='word_1_18' title='bbox 734 680 819 758; x_wconf 82' lang='lat' dir='ltr'><strong>-Ald,</strong></span> <span class='ocrx_word' id='word_1_19' title='bbox 849 693 887 777; x_wconf 73' lang='grc' dir='ltr'><strong>γὲ</strong></span> <span class='ocrx_word' id='word_1_20' title='bbox 911 696 972 778; x_wconf 72' lang='grc' dir='ltr'><strong>μὲν</strong></span> <span class='ocrx_word' id='word_1_21' title='bbox 995 707 1041 756; x_wconf 81' lang='lat' dir='ltr'><strong>ex</strong></span> <span class='ocrx_word' id='word_1_22' title='bbox 1063 683 1120 754; x_wconf 88' lang='lat' dir='ltr'><strong>la.</strong></span> <span class='ocrx_word' id='word_1_23' title='bbox 1138 679 1177 754; x_wconf 88' lang='lat' dir='ltr'><strong>l.</strong></span> 
     </span>
     <span class='ocr_line' id='line_1_4' title="bbox 95 781 1180 883; baseline -0.001 -21"><span class='ocrx_word' id='word_1_24' title='bbox 95 799 132 862; x_wconf 87' lang='lat' dir='ltr'><strong>et</strong></span> <span class='ocrx_word' id='word_1_25' title='bbox 155 799 199 870; x_wconf 85' lang='lat' dir='ltr'><em>H</em></span> <span class='ocrx_word' id='word_1_26' title='bbox 218 787 287 883; x_wconf 74' lang='grc' dir='ltr'><strong>μήν</strong></span> <span class='ocrx_word' id='word_1_27' title='bbox 310 813 404 861; x_wconf 68' lang='lat' dir='ltr'><strong>aar.</strong></span> <span class='ocrx_word' id='word_1_28' title='bbox 420 781 468 858; x_wconf 89' lang='lat' dir='ltr'><strong>ll</strong></span> <span class='ocrx_word' id='word_1_29' title='bbox 496 811 540 856; x_wconf 84' lang='lat' dir='ltr'><strong>ex</strong></span> <span class='ocrx_word' id='word_1_30' title='bbox 565 786 691 858; x_wconf 81' lang='lat' dir='ltr'><strong>Triac.</strong></span> <span class='ocrx_word' id='word_1_31' title='bbox 718 829 769 844; x_wconf 91' lang='lat'><strong>--</strong></span> <span class='ocrx_word' id='word_1_32' title='bbox 817 785 982 881; x_wconf 78' lang='lat' dir='ltr'><strong>Repetite</strong></span> <span class='ocrx_word' id='word_1_33' title='bbox 1015 796 1072 858; x_wconf 89' lang='lat' dir='ltr'><strong>est</strong></span> <span class='ocrx_word' id='word_1_34' title='bbox 1092 784 1180 861; x_wconf 80' lang='lat' dir='ltr'><strong>haec</strong></span> 
     </span>
     <span class='ocr_line' id='line_1_5' title="bbox 94 884 1177 962; baseline 0.003 -3"><span class='ocrx_word' id='word_1_35' title='bbox 94 889 205 961; x_wconf 87' lang='lat' dir='ltr'><strong>editio</strong></span> <span class='ocrx_word' id='word_1_36' title='bbox 230 886 338 960; x_wconf 87' lang='lat' dir='ltr'><strong>simol</strong></span> <span class='ocrx_word' id='word_1_37' title='bbox 366 913 448 960; x_wconf 90' lang='lat' dir='ltr'><strong>cnm</strong></span> <span class='ocrx_word' id='word_1_38' title='bbox 463 885 613 961; x_wconf 88' lang='lat' dir='ltr'><strong>mendis</strong></span> <span class='ocrx_word' id='word_1_39' title='bbox 639 885 807 961; x_wconf 86' lang='lat' dir='ltr'><strong>omnibus</strong></span> <span class='ocrx_word' id='word_1_40' title='bbox 828 884 992 962; x_wconf 90' lang='lat' dir='ltr'><strong>Venetiis</strong></span> <span class='ocrx_word' id='word_1_41' title='bbox 1019 888 1058 959; x_wconf 91' lang='lat' dir='ltr'><strong>iu</strong></span> <span class='ocrx_word' id='word_1_42' title='bbox 1083 887 1177 962; x_wconf 83' lang='lat' dir='ltr'><strong>ollio.</strong></span> 
     </span>
     <span class='ocr_line' id='line_1_6' title="bbox 93 985 1168 1065; baseline -0.003 0"><span class='ocrx_word' id='word_1_43' title='bbox 93 993 193 1065; x_wconf 78' lang='lat' dir='ltr'><strong>Fare.</strong></span> <span class='ocrx_word' id='word_1_44' title='bbox 221 1015 255 1060; x_wconf 90' lang='lat' dir='ltr'><strong>a.</strong></span> <span class='ocrx_word' id='word_1_45' title='bbox 285 985 406 1062; x_wconf 67' lang='grc'><strong>1545.</strong></span> <span class='ocrx_word' id='word_1_46' title='bbox 715 1032 717 1035; x_wconf 95' lang='grc'>-</span> <span class='ocrx_word' id='word_1_47' title='bbox 1165 1033 1168 1043; x_wconf 77' lang='lat'>=</span> 
     </span>
    </p>

    <p class='ocr_par' dir='ltr' id='par_1_3' title="bbox 21 1087 1257 4428">
     <span class='ocr_line' id='line_1_7' title="bbox 196 1087 1177 1190; baseline -0.001 -26"><span class='ocrx_word' id='word_1_48' title='bbox 196 1087 318 1164; x_wconf 70' lang='grc'><strong>1542.</strong></span> <span class='ocrx_word' id='word_1_49' title='bbox 371 1090 483 1164; x_wconf 82' lang='lat' dir='ltr'><strong>Basil.</strong></span> <span class='ocrx_word' id='word_1_50' title='bbox 522 1116 581 1190; x_wconf 89' lang='lat' dir='ltr'><strong>ap.</strong></span> <span class='ocrx_word' id='word_1_51' title='bbox 627 1089 684 1163; x_wconf 88' lang='lat' dir='ltr'><strong>lo.</strong></span> <span class='ocrx_word' id='word_1_52' title='bbox 722 1090 862 1190; x_wconf 70' lang='lat' dir='ltr'><strong>Opas-0,</strong></span> <span class='ocrx_word' id='word_1_53' title='bbox 909 1091 1080 1188; x_wconf 76' lang='lat' dir='ltr'>impensis</span> <span class='ocrx_word' id='word_1_54' title='bbox 1122 1090 1177 1163; x_wconf 91' lang='lat' dir='ltr'><strong>lo.</strong></span> 
     </span>
     <span class='ocr_line' id='line_1_8' title="bbox 94 1189 1181 1290; baseline 0.003 -25"><span class='ocrx_word' id='word_1_55' title='bbox 94 1193 362 1286; x_wconf 66' lang='lat' dir='ltr'><strong>Birclrmanni,</strong></span> <span class='ocrx_word' id='word_1_56' title='bbox 378 1192 529 1290; x_wconf 85' lang='lat' dir='ltr'><strong>bibliop.</strong></span> <span class='ocrx_word' id='word_1_57' title='bbox 555 1193 805 1285; x_wconf 77' lang='lat' dir='ltr'><strong>(isloniensis,</strong></span> <span class='ocrx_word' id='word_1_58' title='bbox 833 1194 935 1266; x_wconf 89' lang='lat' dir='ltr'><strong>cuius</strong></span> <span class='ocrx_word' id='word_1_59' title='bbox 954 1191 1110 1289; x_wconf 85' lang='lat' dir='ltr'><strong>epistola</strong></span> <span class='ocrx_word' id='word_1_60' title='bbox 1134 1189 1181 1268; x_wconf 78' lang='lat' dir='ltr'><strong>ad</strong></span> 
     </span>
     <span class='ocr_line' id='line_1_9' title="bbox 93 1293 1179 1397; baseline -0.002 -29"><span class='ocrx_word' id='word_1_61' title='bbox 93 1294 329 1368; x_wconf 84' lang='lat' dir='ltr'><strong>Cuthhertum</strong></span> <span class='ocrx_word' id='word_1_62' title='bbox 379 1293 629 1397; x_wconf 71' lang='lat' dir='ltr'><strong>Tonstsllum,</strong></span> <span class='ocrx_word' id='word_1_63' title='bbox 682 1296 888 1392; x_wconf 88' lang='lat' dir='ltr'><strong>episcopum</strong></span> <span class='ocrx_word' id='word_1_64' title='bbox 931 1293 1179 1387; x_wconf 86' lang='lat' dir='ltr'><strong>Dulmensem,</strong></span> 
     </span>
     <span class='ocr_line' id='line_1_10' title="bbox 94 1394 1181 1495; baseline 0 -26"><span class='ocrx_word' id='word_1_65' title='bbox 94 1398 347 1495; x_wconf 86' lang='lat' dir='ltr'><strong>praemittitur.</strong></span> <span class='ocrx_word' id='word_1_66' title='bbox 409 1396 547 1494; x_wconf 72' lang='lat' dir='ltr'><strong>Teutas</strong></span> <span class='ocrx_word' id='word_1_67' title='bbox 579 1395 625 1467; x_wconf 90' lang='lat' dir='ltr'><strong>ad</strong></span> <span class='ocrx_word' id='word_1_68' title='bbox 649 1395 734 1468; x_wconf 87' lang='lat' dir='ltr'><strong>Aldi</strong></span> <span class='ocrx_word' id='word_1_69' title='bbox 760 1394 867 1469; x_wconf 85' lang='lat' dir='ltr'><strong>tidem</strong></span> <span class='ocrx_word' id='word_1_70' title='bbox 898 1408 1062 1469; x_wconf 90' lang='lat' dir='ltr'><strong>accurate</strong></span> <span class='ocrx_word' id='word_1_71' title='bbox 1097 1422 1181 1469; x_wconf 90' lang='lat' dir='ltr'><strong>cum</strong></span> 
     </span>
     <span class='ocr_line' id='line_1_11' title="bbox 93 1497 1182 1597; baseline 0.005 -29"><span class='ocrx_word' id='word_1_72' title='bbox 93 1497 274 1597; x_wconf 85' lang='lat' dir='ltr'><strong>plerisque</strong></span> <span class='ocrx_word' id='word_1_73' title='bbox 300 1499 438 1574; x_wconf 87' lang='lat' dir='ltr'><strong>mendis</strong></span> <span class='ocrx_word' id='word_1_74' title='bbox 456 1522 646 1594; x_wconf 83' lang='lat' dir='ltr'><strong>expressus</strong></span> <span class='ocrx_word' id='word_1_75' title='bbox 666 1507 734 1570; x_wconf 80' lang='lat' dir='ltr'><strong>est</strong></span> <span class='ocrx_word' id='word_1_76' title='bbox 788 1497 862 1570; x_wconf 86' lang='lat' dir='ltr'><strong>Sed</strong></span> <span class='ocrx_word' id='word_1_77' title='bbox 885 1505 1113 1571; x_wconf 85' lang='lat' dir='ltr'><strong>accesserunt</strong></span> <span class='ocrx_word' id='word_1_78' title='bbox 1134 1520 1182 1573; x_wconf 81' lang='lat' dir='ltr'><strong>ox</strong></span> 
     </span>
     <span class='ocr_line' id='line_1_12' title="bbox 96 1595 1180 1698; baseline 0.002 -26"><span class='ocrx_word' id='word_1_79' title='bbox 96 1599 380 1698; x_wconf 79' lang='lat' dir='ltr'><strong>Cantabrigiensi</strong></span> <span class='ocrx_word' id='word_1_80' title='bbox 407 1597 487 1672; x_wconf 88' lang='lat' dir='ltr'><strong>cod.</strong></span> <span class='ocrx_word' id='word_1_81' title='bbox 516 1597 683 1690; x_wconf 78' lang='lat' dir='ltr'><strong>Scholia,</strong></span> <span class='ocrx_word' id='word_1_82' title='bbox 718 1597 922 1698; x_wconf 87' lang='lat' dir='ltr'><strong>dequibus</strong></span> <span class='ocrx_word' id='word_1_83' title='bbox 954 1609 1057 1672; x_wconf 87' lang='lat' dir='ltr'><strong>antea</strong></span> <span class='ocrx_word' id='word_1_84' title='bbox 1088 1595 1180 1674; x_wconf 63' lang='lat' dir='ltr'><strong>dixis</strong></span> 
     </span>
     <span class='ocr_line' id='line_1_13' title="bbox 94 1699 1181 1797; baseline -0.002 -24"><span class='ocrx_word' id='word_1_85' title='bbox 94 1728 200 1792; x_wconf 90' lang='lat' dir='ltr'><strong>mus,</strong></span> <span class='ocrx_word' id='word_1_86' title='bbox 243 1712 280 1773; x_wconf 90' lang='lat' dir='ltr'><strong>ot</strong></span> <span class='ocrx_word' id='word_1_87' title='bbox 310 1700 403 1773; x_wconf 88' lang='lat' dir='ltr'><strong>duac</strong></span> <span class='ocrx_word' id='word_1_88' title='bbox 437 1701 747 1797; x_wconf 72' lang='lat' dir='ltr'><strong>interpretationes</strong></span> <span class='ocrx_word' id='word_1_89' title='bbox 781 1699 827 1774; x_wconf 86' lang='lat' dir='ltr'><strong>ab</strong></span> <span class='ocrx_word' id='word_1_90' title='bbox 867 1699 1020 1796; x_wconf 87' lang='lat' dir='ltr'><strong>Oporini</strong></span> <span class='ocrx_word' id='word_1_91' title='bbox 1057 1701 1181 1772; x_wconf 76' lang='lat' dir='ltr'><strong>amicis</strong></span> 
     </span>
     <span class='ocr_line' id='line_1_14' title="bbox 93 1800 1182 1901; baseline -0.002 -27"><span class='ocrx_word' id='word_1_92' title='bbox 93 1800 330 1900; x_wconf 85' lang='lat' dir='ltr'><strong>quibusdam,</strong></span> <span class='ocrx_word' id='word_1_93' title='bbox 355 1860 357 1865; x_wconf 95' lang='lat'><em>.</em></span> <span class='ocrx_word' id='word_1_94' title='bbox 378 1827 451 1873; x_wconf 92' lang='lat' dir='ltr'><strong>non</strong></span> <span class='ocrx_word' id='word_1_95' title='bbox 487 1800 533 1873; x_wconf 77' lang='lat' dir='ltr'><strong>ala</strong></span> <span class='ocrx_word' id='word_1_96' title='bbox 576 1805 668 1874; x_wconf 89' lang='lat' dir='ltr'><strong>ltalo</strong></span> <span class='ocrx_word' id='word_1_97' title='bbox 709 1801 830 1901; x_wconf 88' lang='lat' dir='ltr'><strong>aliquo</strong></span> <span class='ocrx_word' id='word_1_98' title='bbox 875 1803 1101 1898; x_wconf 80' lang='lat' dir='ltr'><strong>antiquiore,</strong></span> <span class='ocrx_word' id='word_1_99' title='bbox 1140 1811 1182 1873; x_wconf 88' lang='lat' dir='ltr'><strong>ut</strong></span> 
     </span>
     <span class='ocr_line' id='line_1_15' title="bbox 93 1898 1179 2004; baseline -0.001 -29"><span class='ocrx_word' id='word_1_100' title='bbox 93 1902 278 1977; x_wconf 85' lang='lat' dir='ltr'><strong>Muctzell.</strong></span> <span class='ocrx_word' id='word_1_101' title='bbox 324 1901 597 1999; x_wconf 84' lang='lat' dir='ltr'><strong>suspicabatur,</strong></span> <span class='ocrx_word' id='word_1_102' title='bbox 644 1903 694 2004; x_wconf 87' lang='lat' dir='ltr'><strong>(l.</strong></span> <span class='ocrx_word' id='word_1_103' title='bbox 721 1904 774 1994; x_wconf 87' lang='lat' dir='ltr'><strong>l.,</strong></span> <span class='ocrx_word' id='word_1_104' title='bbox 807 1930 846 2001; x_wconf 88' lang='lat' dir='ltr'><strong>p.</strong></span> <span class='ocrx_word' id='word_1_105' title='bbox 870 1898 925 1973; x_wconf 76' lang='lat'><strong>22</strong></span> <span class='ocrx_word' id='word_1_106' title='bbox 951 1902 1053 2002; x_wconf 83' lang='lat' dir='ltr'><strong>seq.)</strong></span> <span class='ocrx_word' id='word_1_107' title='bbox 1097 1926 1179 1999; x_wconf 84' lang='lat' dir='ltr'><strong>pro·</strong></span> 
     </span>
     <span class='ocr_line' id='line_1_16' title="bbox 93 2001 1257 2101; baseline -0.001 -24"><span class='ocrx_word' id='word_1_108' title='bbox 93 2005 232 2093; x_wconf 85' lang='lat' dir='ltr'><strong>sectae,</strong></span> <span class='ocrx_word' id='word_1_109' title='bbox 264 2006 374 2076; x_wconf 89' lang='lat' dir='ltr'><strong>altera</strong></span> <span class='ocrx_word' id='word_1_110' title='bbox 399 2005 597 2077; x_wconf 76' lang='lat' dir='ltr'><strong>accuratior</strong></span> <span class='ocrx_word' id='word_1_111' title='bbox 621 2017 657 2079; x_wconf 91' lang='lat' dir='ltr'><strong>ot</strong></span> <span class='ocrx_word' id='word_1_112' title='bbox 681 2007 729 2077; x_wconf 89' lang='lat' dir='ltr'><strong>ita</strong></span> <span class='ocrx_word' id='word_1_113' title='bbox 755 2007 941 2094; x_wconf 87' lang='lat' dir='ltr'><strong>instituta,</strong></span> <span class='ocrx_word' id='word_1_114' title='bbox 974 2015 1016 2076; x_wconf 90' lang='lat' dir='ltr'><strong>ut</strong></span> <span class='ocrx_word' id='word_1_115' title='bbox 1037 2001 1181 2101; x_wconf 77' lang='lat' dir='ltr'><strong>singola</strong></span> <span class='ocrx_word' id='word_1_116' title='bbox 1253 2082 1257 2099; x_wconf 37' lang='lat'><strong>,</strong></span> 
     </span>
     <span class='ocr_line' id='line_1_17' title="bbox 93 2103 1180 2205; baseline 0.005 -32"><span class='ocrx_word' id='word_1_117' title='bbox 93 2104 201 2176; x_wconf 84' lang='lat' dir='ltr'><strong>verbo</strong></span> <span class='ocrx_word' id='word_1_118' title='bbox 229 2105 355 2177; x_wconf 88' lang='lat' dir='ltr'><strong>Latina</strong></span> <span class='ocrx_word' id='word_1_119' title='bbox 386 2103 534 2178; x_wconf 75' lang='lat' dir='ltr'><strong>Graecia</strong></span> <span class='ocrx_word' id='word_1_120' title='bbox 566 2105 721 2205; x_wconf 82' lang='lat' dir='ltr'><strong>siugulis</strong></span> <span class='ocrx_word' id='word_1_121' title='bbox 755 2105 1032 2204; x_wconf 87' lang='lat' dir='ltr'><strong>responderent,</strong></span> <span class='ocrx_word' id='word_1_122' title='bbox 1069 2105 1180 2178; x_wconf 76' lang='lat' dir='ltr'><strong>alters</strong></span> 
     </span>
     <span class='ocr_line' id='line_1_18' title="bbox 93 2205 1180 2306; baseline -0.002 -26"><span class='ocrx_word' id='word_1_123' title='bbox 93 2205 265 2296; x_wconf 81' lang='lat' dir='ltr'><strong>liberior,</strong></span> <span class='ocrx_word' id='word_1_124' title='bbox 308 2206 505 2306; x_wconf 78' lang='lat' dir='ltr'><strong>elegantior</strong></span> <span class='ocrx_word' id='word_1_125' title='bbox 532 2218 572 2280; x_wconf 91' lang='lat' dir='ltr'><strong>et</strong></span> <span class='ocrx_word' id='word_1_126' title='bbox 597 2208 644 2279; x_wconf 89' lang='lat' dir='ltr'><strong>ad</strong></span> <span class='ocrx_word' id='word_1_127' title='bbox 669 2209 790 2280; x_wconf 83' lang='lat' dir='ltr'><strong>Latini</strong></span> <span class='ocrx_word' id='word_1_128' title='bbox 815 2209 989 2281; x_wconf 89' lang='lat' dir='ltr'><strong>sermonis</strong></span> <span class='ocrx_word' id='word_1_129' title='bbox 1022 2205 1180 2278; x_wconf 85' lang='lat' dir='ltr'><strong>indolem</strong></span> 
     </span>
     <span class='ocr_line' id='line_1_19' title="bbox 93 2304 1180 2408; baseline 0.004 -29"><span class='ocrx_word' id='word_1_130' title='bbox 93 2307 402 2382; x_wconf 80' lang='lat' dir='ltr'><strong>accommodatior.</strong></span> <span class='ocrx_word' id='word_1_131' title='bbox 471 2308 634 2406; x_wconf 87' lang='lat' dir='ltr'><strong>Utraque</strong></span> <span class='ocrx_word' id='word_1_132' title='bbox 658 2310 904 2408; x_wconf 82' lang='lat' dir='ltr'><strong>interpretatio</strong></span> <span class='ocrx_word' id='word_1_133' title='bbox 929 2307 1108 2383; x_wconf 83' lang='lat' dir='ltr'><strong>interdum</strong></span> <span class='ocrx_word' id='word_1_134' title='bbox 1133 2304 1180 2383; x_wconf 72' lang='lat' dir='ltr'><strong>ab</strong></span> 
     </span>
     <span class='ocr_line' id='line_1_20' title="bbox 92 2409 1179 2507; baseline 0 -20"><span class='ocrx_word' id='word_1_135' title='bbox 92 2420 194 2487; x_wconf 75' lang='lat' dir='ltr'><strong>textu</strong></span> <span class='ocrx_word' id='word_1_136' title='bbox 226 2409 381 2504; x_wconf 72' lang='lat' dir='ltr'><strong>recedit,</strong></span> <span class='ocrx_word' id='word_1_137' title='bbox 428 2409 493 2482; x_wconf 91' lang='lat' dir='ltr'><strong>sed</strong></span> <span class='ocrx_word' id='word_1_138' title='bbox 523 2411 624 2507; x_wconf 90' lang='lat' dir='ltr'><strong>prior</strong></span> <span class='ocrx_word' id='word_1_139' title='bbox 653 2411 715 2483; x_wconf 91' lang='lat' dir='ltr'><strong>illa</strong></span> <span class='ocrx_word' id='word_1_140' title='bbox 745 2413 877 2486; x_wconf 78' lang='lat' dir='ltr'><strong>minas·</strong></span> <span class='ocrx_word' id='word_1_141' title='bbox 895 2435 1025 2507; x_wconf 88' lang='lat' dir='ltr'><strong>saepe,</strong></span> <span class='ocrx_word' id='word_1_142' title='bbox 1069 2434 1179 2507; x_wconf 76' lang='lat' dir='ltr'><strong>quant</strong></span> 
     </span>
     <span class='ocr_line' id='line_1_21' title="bbox 93 2510 1179 2607; baseline 0.002 -23"><span class='ocrx_word' id='word_1_143' title='bbox 93 2512 292 2607; x_wconf 80' lang='lat' dir='ltr'><strong>posterior,</strong></span> <span class='ocrx_word' id='word_1_144' title='bbox 338 2535 429 2606; x_wconf 86' lang='lat' dir='ltr'><strong>queo</strong></span> <span class='ocrx_word' id='word_1_145' title='bbox 460 2512 583 2581; x_wconf 88' lang='lat' dir='ltr'><strong>multis</strong></span> <span class='ocrx_word' id='word_1_146' title='bbox 614 2513 652 2580; x_wconf 89' lang='lat' dir='ltr'><strong>ia</strong></span> <span class='ocrx_word' id='word_1_147' title='bbox 674 2512 774 2591; x_wconf 55' lang='lat' dir='ltr'><strong>¹locis</strong></span> <span class='ocrx_word' id='word_1_148' title='bbox 803 2510 851 2582; x_wconf 92' lang='lat' dir='ltr'><strong>ad</strong></span> <span class='ocrx_word' id='word_1_149' title='bbox 873 2510 1179 2586; x_wconf 78' lang='lat' dir='ltr'><strong>&#39;l&#39;rincavcllinuaa</strong></span> 
     </span>
     <span class='ocr_line' id='line_1_22' title="bbox 94 2608 1178 2706; baseline 0.001 -24"><span class='ocrx_word' id='word_1_150' title='bbox 94 2608 275 2706; x_wconf 77' lang='lat' dir='ltr'><strong>exemplar</strong></span> <span class='ocrx_word' id='word_1_151' title='bbox 299 2611 390 2682; x_wconf 84' lang='lat' dir='ltr'><strong>facta</strong></span> <span class='ocrx_word' id='word_1_152' title='bbox 417 2622 485 2681; x_wconf 90' lang='lat' dir='ltr'><strong>est.</strong></span> <span class='ocrx_word' id='word_1_153' title='bbox 549 2611 694 2683; x_wconf 84' lang='lat' dir='ltr'><strong>Fruitur</strong></span> <span class='ocrx_word' id='word_1_154' title='bbox 720 2615 807 2684; x_wconf 85' lang='lat' dir='ltr'><strong>haec</strong></span> <span class='ocrx_word' id='word_1_155' title='bbox 827 2610 936 2682; x_wconf 88' lang='lat' dir='ltr'><strong>editio</strong></span> <span class='ocrx_word' id='word_1_156' title='bbox 961 2610 1178 2684; x_wconf 86' lang='lat' dir='ltr'><strong>Basileeusis</strong></span> 
     </span>
     <span class='ocr_line' id='line_1_23' title="bbox 21 2709 1179 2809; baseline 0.002 -28"><span class='ocrx_word' id='word_1_157' title='bbox 21 2776 23 2781; x_wconf 88' lang='grc'><em>,</em></span> <span class='ocrx_word' id='word_1_158' title='bbox 94 2737 223 2808; x_wconf 83' lang='lat' dir='ltr'><strong>magua</strong></span> <span class='ocrx_word' id='word_1_159' title='bbox 240 2711 334 2782; x_wconf 82' lang='lat' dir='ltr'><strong>lama</strong></span> <span class='ocrx_word' id='word_1_160' title='bbox 350 2711 466 2783; x_wconf 89' lang='lat' dir='ltr'><strong>varias</strong></span> <span class='ocrx_word' id='word_1_161' title='bbox 483 2709 530 2784; x_wconf 87' lang='lat' dir='ltr'><strong>ob</strong></span> <span class='ocrx_word' id='word_1_162' title='bbox 544 2735 701 2804; x_wconf 87' lang='lat' dir='ltr'><strong>caussas,</strong></span> <span class='ocrx_word' id='word_1_163' title='bbox 718 2713 893 2809; x_wconf 85' lang='lat' dir='ltr'><strong>imprimis</strong></span> <span class='ocrx_word' id='word_1_164' title='bbox 912 2722 1058 2808; x_wconf 86' lang='lat' dir='ltr'><strong>propter</strong></span> <span class='ocrx_word' id='word_1_165' title='bbox 1075 2715 1179 2783; x_wconf 82' lang='lat' dir='ltr'><strong>acho·</strong></span> 
     </span>
     <span class='ocr_line' id='line_1_24' title="bbox 93 2809 1177 2915; baseline 0.001 -32"><span class='ocrx_word' id='word_1_166' title='bbox 93 2811 158 2904; x_wconf 89' lang='lat' dir='ltr'><strong>lis,</strong></span> <span class='ocrx_word' id='word_1_167' title='bbox 185 2823 306 2915; x_wconf 87' lang='lat' dir='ltr'><strong>postea</strong></span> <span class='ocrx_word' id='word_1_168' title='bbox 326 2809 371 2884; x_wconf 86' lang='lat' dir='ltr'><strong>ab</strong></span> <span class='ocrx_word' id='word_1_169' title='bbox 391 2811 586 2884; x_wconf 86' lang='lat' dir='ltr'><strong>llenischio</strong></span> <span class='ocrx_word' id='word_1_170' title='bbox 604 2814 643 2884; x_wconf 93' lang='lat' dir='ltr'><strong>in</strong></span> <span class='ocrx_word' id='word_1_171' title='bbox 663 2809 826 2886; x_wconf 83' lang='lat' dir='ltr'><strong>Latinam</strong></span> <span class='ocrx_word' id='word_1_172' title='bbox 846 2815 1009 2910; x_wconf 87' lang='lat' dir='ltr'><strong>linguam</strong></span> <span class='ocrx_word' id='word_1_173' title='bbox 1028 2810 1177 2884; x_wconf 74' lang='lat' dir='ltr'><strong>mansla-</strong></span> 
     </span>
     <span class='ocr_line' id='line_1_25' title="bbox 93 2911 1177 3013; baseline -0.003 -27"><span class='ocrx_word' id='word_1_174' title='bbox 93 2925 150 3004; x_wconf 90' lang='lat' dir='ltr'><strong>ta,</strong></span> <span class='ocrx_word' id='word_1_175' title='bbox 177 2925 213 2986; x_wconf 80' lang='lat' dir='ltr'><strong>et</strong></span> <span class='ocrx_word' id='word_1_176' title='bbox 233 2913 279 2985; x_wconf 87' lang='lat' dir='ltr'><strong>ab</strong></span> <span class='ocrx_word' id='word_1_177' title='bbox 305 2915 635 3010; x_wconf 88' lang='lat' dir='ltr'><strong>interpretationes,</strong></span> <span class='ocrx_word' id='word_1_178' title='bbox 663 2941 812 3012; x_wconf 79' lang='lat' dir='ltr'><strong>quaram</strong></span> <span class='ocrx_word' id='word_1_179' title='bbox 838 2915 938 3013; x_wconf 91' lang='lat' dir='ltr'><strong>prior</strong></span> <span class='ocrx_word' id='word_1_180' title='bbox 957 2939 977 2985; x_wconf 90' lang='lat' dir='ltr'><strong>a</strong></span> <span class='ocrx_word' id='word_1_181' title='bbox 997 2911 1177 3012; x_wconf 86' lang='lat' dir='ltr'><strong>Bagarda,</strong></span> 
     </span>
     <span class='ocr_line' id='line_1_26' title="bbox 94 3013 1178 3112; baseline 0.001 -24"><span class='ocrx_word' id='word_1_182' title='bbox 94 3013 293 3104; x_wconf 80' lang='lat' dir='ltr'><strong>Schmidtio</strong></span> <span class='ocrx_word' id='word_1_183' title='bbox 307 3027 343 3087; x_wconf 89' lang='lat' dir='ltr'><strong>et</strong></span> <span class='ocrx_word' id='word_1_184' title='bbox 355 3014 592 3088; x_wconf 89' lang='lat' dir='ltr'><strong>Wintertono</strong></span> <span class='ocrx_word' id='word_1_185' title='bbox 607 3018 756 3112; x_wconf 88' lang='lat' dir='ltr'><strong>repetita</strong></span> <span class='ocrx_word' id='word_1_186' title='bbox 772 3028 808 3092; x_wconf 84' lang='lat' dir='ltr'><strong>et</strong></span> <span class='ocrx_word' id='word_1_187' title='bbox 825 3043 845 3088; x_wconf 86' lang='lat' dir='ltr'><strong>a</strong></span> <span class='ocrx_word' id='word_1_188' title='bbox 864 3013 985 3088; x_wconf 89' lang='lat' dir='ltr'><strong>multis</strong></span> <span class='ocrx_word' id='word_1_189' title='bbox 996 3013 1178 3089; x_wconf 80' lang='lat' dir='ltr'><strong>erroribus</strong></span> 
     </span>
     <span class='ocr_line' id='line_1_27' title="bbox 92 3115 1177 3215; baseline -0.002 -27"><span class='ocrx_word' id='word_1_190' title='bbox 92 3116 241 3188; x_wconf 88' lang='lat' dir='ltr'><strong>liberata</strong></span> <span class='ocrx_word' id='word_1_191' title='bbox 267 3128 389 3214; x_wconf 89' lang='lat' dir='ltr'><strong>postea</strong></span> <span class='ocrx_word' id='word_1_192' title='bbox 414 3118 581 3207; x_wconf 87' lang='lat' dir='ltr'><strong>evanuit,</strong></span> <span class='ocrx_word' id='word_1_193' title='bbox 618 3121 794 3215; x_wconf 87' lang='lat' dir='ltr'><strong>posterior</strong></span> <span class='ocrx_word' id='word_1_194' title='bbox 823 3142 909 3190; x_wconf 81' lang='lat' dir='ltr'><strong>vero</strong></span> <span class='ocrx_word' id='word_1_195' title='bbox 939 3115 984 3187; x_wconf 86' lang='lat' dir='ltr'><strong>ab</strong></span> <span class='ocrx_word' id='word_1_196' title='bbox 1012 3117 1177 3206; x_wconf 78' lang='lat' dir='ltr'><strong>Heinsio,</strong></span> 
     </span>
     <span class='ocr_line' id='line_1_28' title="bbox 95 3216 1177 3318; baseline 0 -27"><span class='ocrx_word' id='word_1_197' title='bbox 95 3217 270 3308; x_wconf 86' lang='lat' dir='ltr'><strong>Graevio,</strong></span> <span class='ocrx_word' id='word_1_198' title='bbox 307 3216 388 3289; x_wconf 88' lang='lat' dir='ltr'><strong>aliis</strong></span> <span class='ocrx_word' id='word_1_199' title='bbox 424 3220 608 3290; x_wconf 88' lang='lat' dir='ltr'><strong>immutata</strong></span> <span class='ocrx_word' id='word_1_200' title='bbox 634 3229 672 3291; x_wconf 87' lang='lat' dir='ltr'><strong>ct</strong></span> <span class='ocrx_word' id='word_1_201' title='bbox 692 3245 807 3318; x_wconf 86' lang='lat' dir='ltr'><strong>usque</strong></span> <span class='ocrx_word' id='word_1_202' title='bbox 831 3218 876 3292; x_wconf 92' lang='lat' dir='ltr'><strong>ad</strong></span> <span class='ocrx_word' id='word_1_203' title='bbox 903 3219 1177 3291; x_wconf 88' lang='lat' dir='ltr'><strong>Locsnerianam</strong></span> 
     </span>
     <span class='ocr_line' id='line_1_29' title="bbox 93 3317 1177 3417; baseline 0.002 -26"><span class='ocrx_word' id='word_1_204' title='bbox 93 3317 286 3391; x_wconf 84' lang='lat' dir='ltr'><strong>editionem</strong></span> <span class='ocrx_word' id='word_1_205' title='bbox 313 3331 527 3417; x_wconf 80' lang='lat' dir='ltr'><strong>propagata,</strong></span> <span class='ocrx_word' id='word_1_206' title='bbox 555 3345 660 3417; x_wconf 90' lang='lat' dir='ltr'><strong>saepo</strong></span> <span class='ocrx_word' id='word_1_207' title='bbox 681 3320 770 3393; x_wconf 88' lang='lat' dir='ltr'><strong>adeo</strong></span> <span class='ocrx_word' id='word_1_208' title='bbox 796 3318 956 3394; x_wconf 84' lang='lat' dir='ltr'><strong>lontibus</strong></span> <span class='ocrx_word' id='word_1_209' title='bbox 981 3321 1177 3417; x_wconf 83' lang='lat' dir='ltr'><strong>scripturae</strong></span> 
     </span>
     <span class='ocr_line' id='line_1_30' title="bbox 93 3418 1178 3517; baseline 0.003 -28"><span class='ocrx_word' id='word_1_210' title='bbox 93 3421 243 3493; x_wconf 80' lang='lat' dir='ltr'><strong>serioris</strong></span> <span class='ocrx_word' id='word_1_211' title='bbox 264 3418 482 3517; x_wconf 84' lang='lat' dir='ltr'><strong>detegendae</strong></span> <span class='ocrx_word' id='word_1_212' title='bbox 502 3419 732 3493; x_wconf 85' lang='lat' dir='ltr'><strong>adnumerata</strong></span> <span class='ocrx_word' id='word_1_213' title='bbox 751 3432 818 3494; x_wconf 87' lang='lat' dir='ltr'><strong>est.</strong></span> <span class='ocrx_word' id='word_1_214' title='bbox 871 3421 1050 3494; x_wconf 84' lang='lat' dir='ltr'><strong>Nolumus</strong></span> <span class='ocrx_word' id='word_1_215' title='bbox 1069 3422 1178 3492; x_wconf 71' lang='lat' dir='ltr'><strong>ninia</strong></span> 
     </span>
     <span class='ocr_line' id='line_1_31' title="bbox 95 3519 1249 3621; baseline 0 -30"><span class='ocrx_word' id='word_1_216' title='bbox 95 3522 133 3591; x_wconf 93' lang='lat' dir='ltr'><strong>ia</strong></span> <span class='ocrx_word' id='word_1_217' title='bbox 159 3519 349 3599; x_wconf 78' lang='lat' dir='ltr'><strong>his-rebus</strong></span> <span class='ocrx_word' id='word_1_218' title='bbox 372 3519 658 3597; x_wconf 89' lang='lat' dir='ltr'><strong>demonstrandis</strong></span> <span class='ocrx_word' id='word_1_219' title='bbox 683 3522 870 3621; x_wconf 83' lang='lat' dir='ltr'><strong>diligentia</strong></span> <span class='ocrx_word' id='word_1_220' title='bbox 895 3523 962 3594; x_wconf 87' lang='lat' dir='ltr'><strong>uti.</strong></span> <span class='ocrx_word' id='word_1_221' title='bbox 1026 3519 1177 3592; x_wconf 80' lang='lat' dir='ltr'><strong>llditori-</strong></span> <span class='ocrx_word' id='word_1_222' title='bbox 1246 3541 1249 3546; x_wconf 72' lang='grc'>’</span> 
     </span>
     <span class='ocr_line' id='line_1_32' title="bbox 93 3619 1176 3721; baseline -0.001 -26"><span class='ocrx_word' id='word_1_223' title='bbox 93 3619 164 3695; x_wconf 76' lang='lat' dir='ltr'><strong>ltus</strong></span> <span class='ocrx_word' id='word_1_224' title='bbox 195 3624 291 3695; x_wconf 87' lang='lat' dir='ltr'><strong>caim</strong></span> <span class='ocrx_word' id='word_1_225' title='bbox 325 3631 362 3694; x_wconf 89' lang='lat' dir='ltr'><strong>ot</strong></span> <span class='ocrx_word' id='word_1_226' title='bbox 393 3621 649 3719; x_wconf 86' lang='lat' dir='ltr'><strong>interpretibus</strong></span> <span class='ocrx_word' id='word_1_227' title='bbox 684 3651 795 3721; x_wconf 89' lang='lat' dir='ltr'><strong>quum</strong></span> <span class='ocrx_word' id='word_1_228' title='bbox 831 3648 923 3695; x_wconf 89' lang='lat' dir='ltr'><strong>nova</strong></span> <span class='ocrx_word' id='word_1_229' title='bbox 956 3621 1176 3713; x_wconf 83' lang='lat' dir='ltr'><strong>adiumenta,</strong></span> 
     </span>
     <span class='ocr_line' id='line_1_33' title="bbox 93 3721 1177 3823; baseline 0.001 -28"><span class='ocrx_word' id='word_1_230' title='bbox 93 3748 140 3796; x_wconf 79' lang='lat' dir='ltr'><strong>ex</strong></span> <span class='ocrx_word' id='word_1_231' title='bbox 161 3721 294 3821; x_wconf 78' lang='lat' dir='ltr'><strong>quibas</strong></span> <span class='ocrx_word' id='word_1_232' title='bbox 318 3734 447 3795; x_wconf 75' lang='lat' dir='ltr'><strong>&#39;textos</strong></span> <span class='ocrx_word' id='word_1_233' title='bbox 469 3723 650 3800; x_wconf 84' lang='lat' dir='ltr'><strong>emendari</strong></span> <span class='ocrx_word' id='word_1_234' title='bbox 674 3727 869 3823; x_wconf 82' lang='lat' dir='ltr'><strong>potuisset,</strong></span> <span class='ocrx_word' id='word_1_235' title='bbox 908 3749 982 3797; x_wconf 94' lang='lat' dir='ltr'><strong>non</strong></span> <span class='ocrx_word' id='word_1_236' title='bbox 1012 3734 1177 3820; x_wconf 87' lang='lat' dir='ltr'><strong>suppete-</strong></span> 
     </span>
     <span class='ocr_line' id='line_1_34' title="bbox 94 3823 1177 3923; baseline -0.001 -29"><span class='ocrx_word' id='word_1_237' title='bbox 94 3835 198 3902; x_wconf 75' lang='lat' dir='ltr'><strong>rentz</strong></span> <span class='ocrx_word' id='word_1_238' title='bbox 232 3825 444 3897; x_wconf 86' lang='lat' dir='ltr'><strong>mutationes</strong></span> <span class='ocrx_word' id='word_1_239' title='bbox 470 3823 656 3923; x_wconf 81' lang='lat' dir='ltr'><strong>singulas,</strong></span> <span class='ocrx_word' id='word_1_240' title='bbox 672 3865 675 3868; x_wconf 89' lang='lat'><strong>·</strong></span> <span class='ocrx_word' id='word_1_241' title='bbox 689 3852 778 3923; x_wconf 88' lang='lat' dir='ltr'><strong>quas</strong></span> <span class='ocrx_word' id='word_1_242' title='bbox 803 3823 981 3899; x_wconf 88' lang='lat' dir='ltr'><strong>interdum</strong></span> <span class='ocrx_word' id='word_1_243' title='bbox 1007 3823 1177 3916; x_wconf 80' lang='lat' dir='ltr'><strong>feliciter,</strong></span> 
     </span>
     <span class='ocr_line' id='line_1_35' title="bbox 93 3923 1176 4025; baseline 0.002 -29"><span class='ocrx_word' id='word_1_244' title='bbox 93 3923 273 4002; x_wconf 82' lang='lat' dir='ltr'><strong>interdurn</strong></span> <span class='ocrx_word' id='word_1_245' title='bbox 299 3924 510 4015; x_wconf 82' lang='lat' dir='ltr'><strong>infeliciter,</strong></span> <span class='ocrx_word' id='word_1_246' title='bbox 539 3925 645 4000; x_wconf 86' lang='lat' dir='ltr'><strong>modo</strong></span> <span class='ocrx_word' id='word_1_247' title='bbox 669 3929 857 4017; x_wconf 88' lang='lat' dir='ltr'><strong>consulto,</strong></span> <span class='ocrx_word' id='word_1_248' title='bbox 889 3925 1002 3999; x_wconf 81' lang='lat' dir='ltr'><strong>modo</strong></span> <span class='ocrx_word' id='word_1_249' title='bbox 1026 3936 1176 4025; x_wconf 63' lang='lat' dir='ltr'><strong>manere,</strong></span> 
     </span>
     <span class='ocr_line' id='line_1_36' title="bbox 93 4024 1176 4125; baseline -0.002 -24"><span class='ocrx_word' id='word_1_250' title='bbox 93 4025 277 4101; x_wconf 73' lang='lat' dir='ltr'><strong>nedictus</strong></span> <span class='ocrx_word' id='word_1_251' title='bbox 311 4027 415 4097; x_wconf 87' lang='lat' dir='ltr'><strong>inviti</strong></span> <span class='ocrx_word' id='word_1_252' title='bbox 447 4024 690 4118; x_wconf 83' lang='lat' dir='ltr'><strong>admiserunt,</strong></span> <span class='ocrx_word' id='word_1_253' title='bbox 728 4029 896 4125; x_wconf 89' lang='lat' dir='ltr'><strong>persequi</strong></span> <span class='ocrx_word' id='word_1_254' title='bbox 930 4053 1004 4099; x_wconf 88' lang='lat' dir='ltr'><strong>uon</strong></span> <span class='ocrx_word' id='word_1_255' title='bbox 1029 4039 1084 4099; x_wconf 86' lang='lat' dir='ltr'><strong>cst</strong></span> <span class='ocrx_word' id='word_1_256' title='bbox 1114 4051 1176 4099; x_wconf 65' lang='lat' dir='ltr'><strong>aes</strong></span> 
     </span>
     <span class='ocr_line' id='line_1_37' title="bbox 92 4127 1176 4225; baseline 0.003 -24"><span class='ocrx_word' id='word_1_257' title='bbox 92 4129 298 4201; x_wconf 85' lang='lat' dir='ltr'><strong>cessarium.</strong></span> <span class='ocrx_word' id='word_1_258' title='bbox 351 4127 537 4201; x_wconf 84' lang='lat' dir='ltr'><strong>Monuisse</strong></span> <span class='ocrx_word' id='word_1_259' title='bbox 559 4127 731 4222; x_wconf 85' lang='lat' dir='ltr'><strong>sulliciat,</strong></span> <span class='ocrx_word' id='word_1_260' title='bbox 769 4128 967 4225; x_wconf 83' lang='lat' dir='ltr'><strong>Oporinum</strong></span> <span class='ocrx_word' id='word_1_261' title='bbox 1002 4154 1076 4201; x_wconf 88' lang='lat' dir='ltr'><strong>uon</strong></span> <span class='ocrx_word' id='word_1_262' title='bbox 1098 4141 1176 4205; x_wconf 83' lang='lat' dir='ltr'><strong>&#39;tam</strong></span> 
     </span>
     <span class='ocr_line' id='line_1_38' title="bbox 92 4227 1177 4327; baseline 0.001 -24"><span class='ocrx_word' id='word_1_263' title='bbox 92 4239 230 4309; x_wconf 69' lang='lat' dir='ltr'><strong>textum</strong></span> <span class='ocrx_word' id='word_1_264' title='bbox 257 4227 463 4320; x_wconf 85' lang='lat' dir='ltr'><strong>emendare,</strong></span> <span class='ocrx_word' id='word_1_265' title='bbox 503 4254 610 4326; x_wconf 87' lang='lat' dir='ltr'><strong>qoam</strong></span> <span class='ocrx_word' id='word_1_266' title='bbox 639 4231 964 4327; x_wconf 72' lang='lat' dir='ltr'><strong>interpretationem</strong></span> <span class='ocrx_word' id='word_1_267' title='bbox 995 4231 1033 4302; x_wconf 88' lang='lat' dir='ltr'><strong>in</strong></span> <span class='ocrx_word' id='word_1_268' title='bbox 1071 4249 1177 4304; x_wconf 87' lang='lat' dir='ltr'><strong>usum</strong></span> 
     </span>
     <span class='ocr_line' id='line_1_39' title="bbox 94 4322 1175 4428; baseline 0.005 -29"><span class='ocrx_word' id='word_1_269' title='bbox 94 4331 262 4403; x_wconf 86' lang='lat' dir='ltr'><strong>iuvenum</strong></span> <span class='ocrx_word' id='word_1_270' title='bbox 291 4322 446 4402; x_wconf 79' lang='lat' dir='ltr'><strong>Graecae</strong></span> <span class='ocrx_word' id='word_1_271' title='bbox 472 4331 618 4428; x_wconf 74' lang='lat' dir='ltr'><strong>linguae</strong></span> <span class='ocrx_word' id='word_1_272' title='bbox 644 4330 901 4404; x_wconf 77' lang='lat' dir='ltr'><strong>studiosarum,-</strong></span> <span class='ocrx_word' id='word_1_273' title='bbox 916 4330 1047 4406; x_wconf 88' lang='lat' dir='ltr'><strong>addcre</strong></span> <span class='ocrx_word' id='word_1_274' title='bbox 1074 4332 1175 4407; x_wconf 80' lang='lat' dir='ltr'><strong>volu-</strong></span> 
     </span>
    </p>
   </div>
   <div class='ocr_carea' id='block_1_3' title="bbox 94 4429 1176 4539">
    <p class='ocr_par' dir='ltr' id='par_1_4' title="bbox 94 4429 1176 4539">
     <span class='ocr_line' id='line_1_40' title="bbox 94 4429 1176 4539; baseline 0.005 -36"><span class='ocrx_word' id='word_1_275' title='bbox 94 4431 179 4505; x_wconf 83' lang='lat' dir='ltr'><strong>isse.</strong></span> <span class='ocrx_word' id='word_1_276' title='bbox 242 4431 316 4539; x_wconf 80' lang='lat' dir='ltr'><strong>Tor</strong></span> <span class='ocrx_word' id='word_1_277' title='bbox 334 4429 533 4509; x_wconf 81' lang='lat' dir='ltr'><strong>Hesiodum</strong></span> <span class='ocrx_word' id='word_1_278' title='bbox 558 4429 694 4530; x_wconf 67' lang='lat' dir='ltr'><strong>euius,</strong></span> <span class='ocrx_word' id='word_1_279' title='bbox 728 4435 903 4533; x_wconf 67' lang='lat' dir='ltr'><strong>pren-t,</strong></span> <span class='ocrx_word' id='word_1_280' title='bbox 940 4436 1083 4510; x_wconf 90' lang='lat' dir='ltr'><strong>uomine</strong></span> <span class='ocrx_word' id='word_1_281' title='bbox 1108 4452 1176 4508; x_wconf 75' lang='lat' dir='ltr'><strong>ssa</strong></span> 
     </span>
    </p>
   </div>
   <div class='ocr_carea' id='block_1_4' title="bbox 0 0 1526 5264">
    <p class='ocr_par' dir='ltr' id='par_1_5' title="bbox 0 0 1526 5264">
     <span class='ocr_line' id='line_1_41' title="bbox 0 0 1526 5264; baseline 0 1"><span class='ocrx_word' id='word_1_282' title='bbox 0 0 1526 5264; x_wconf 95' lang='lat' dir='ltr'><strong> </strong></span> 
     </span>
    </p>
   </div>
  </div>
 </body>
</html>
