3044 5264
184 405 187 411 ’
333 413 644 493 ‚APPARA'PUS
676 415 901 492 cameos.
1102 409 1179 485 119

192 617 234 692 9.
284 619 427 718 Ἀρήϊον
453 617 615 692 Woltius
649 619 747 692 solus
780 612 944 719 scripsit,
989 632 1031 695 ut
1059 618 1117 694 68
1143 637 1179 700 et

92 720 199 817 alibi3
241 720 307 794 reli
336 725 374 793 ui
399 745 522 793 omues
545 721 672 817 ύρὴΐον.
747 720 844 795 ldem
870 721 932 795 illc
957 724 996 794 iu
1020 723 1178 801 Homero

91 826 238 945 fecerat,
263 825 301 894 iu
310 749 548 943 ‘liis-quoque
574 821 766 895 levioribus
791 825 900 895 rebus
924 848 1096 899 summam
1121 855 1177 902 re·

93 923 736 1121 tt'ttttttttt't't’utlt
756 924 873 1098 titi:
897 924 1178 1128 985οξῗόύέ

92 1127 227 1202 editum
256 1139 310 1199 est
334 1127 421 1198 vitio
452 1126 726 1224 typographico,
766 1139 808 1199 ut
831 1126 991 1221 videtur,
1031 1142 1176 1206 »secuta

92 1229 257 1302 maritum
277 1226 615 1326 Amphitr-ponem·
639 1255 843 1327 quanquam
861 1245 941 1302 'non
966 1243 1060 1305 esset
1086 1233 1176 1305 diffi-

91 1330 181 1421 cile,
223 1327 280 1402 vel
303 1354 445 1400 versum
476 1327 581 1400 talem
615 1329 699 1401 inde
724 1328 919 1426 procudere
943 1334 1017 1427 μετ’
1043 1334 1178 1426 ἀκοίτην

89 1434 339 1532 Ἀμφιτρύωνα,
373 1427 432 1502 vel
463 1429 551 1501 alias
584 1454 725 1503 caussas
750 1435 1052 1530 interpretationis
1087 1434 1176 1510 libe·

89 1534 197 1604 riuris
222 1530 373 1629 lingere.
417 1530 562 1630 ,Neque
589 1532 805 1625 attulissem,
849 1535 919 1606 uisi
945 1534 1039 1608 idem
1063 1540 1177 1639 repeti
1198 1528 1201 1537 ¹

90 1632 248 1704 uiderem
292 1657 364 1704 nou
406 1631 521 1704 solum
567 1657 588 1705 a
623 1634 677 1705 lo.
709 1634 823 1707 Remo
859 1633 904 1706 de
936 1635 1053 1732 lices,
1105 1639 1178 1712 ‚m

90 1733 235 1807 Thebas
255 1733 423 1808 Alcmena
443 1735 558 1805 virum
578 1736 740 1807 comitata
763 1722 957 1832 reliquit,'«
982 1737 1046 1810 sed
1072 1741 1177 1814 ctiam

91 1834 378 1927 aCommelino,
417 1836 571 1926 Pasore,
606 1834 779 1927 Heinsio,
807 1832 939 1937 (1615)
976 1837 1114 1913 Clerico
1141 1851 1178 1914 et

91 1937 259 2026 Graevio,
278 1938 340 2035 qui
357 1961 479 2010 omnes
496 1937 822 2034 interpretationem
837 1938 960 2012 multis
977 1965 1058 2012 eum
1080 1943 1176 2014 vitiis

92 2051 272 2136 repetere,
320 2040 427 2137 quam
454 2037 643 2136 diligenter
673 2037 860 2112 emendare
885 2039 1101 2114 maluerunt.
1126 2088 1176 2103 -

88 2141 311 2244 'qustpvdsu
334 2140 375 2211 S·
399 2141 633 2242 Ἀμφιτρύωνα
656 2139 785 2238 reliqui
806 2166 930 2213 omnes
949 2139 1034 2214 libri
1053 2144 1177 2243 scripti

27 2267 31 2275 ’
92 2255 128 2314 ct
152 2243 260 2334 editi,
296 2241 364 2313 cir.
392 2239 557 2313 Eustatb.
586 2240 631 2312 ad
657 2239 702 2312 ll.
732 2252 766 2327 t,
804 2238 957 2339 podo,
981 2240 1047 2314 18.

188 2340 229 2414 5.
278 2344 452 2436 Ἀλκμύνη
478 2343 526 2415 Η.
554 2386 605 2397 -
672 2343 923 2440 Ἠλικτρυῶνος
954 2354 1102 2422 accentu
1137 2345 1175 2416 in

90 2444 284 2542 penultima
306 2443 441 2541 syllaba
465 2445 598 2541 posito,
627 2442 707 2515 eod.
730 2445 812 2516 Par.
826 2441 951 2538 2678,
979 2445 1025 2517 Τ.
1046 2445 1171 2519 Trinc.

91 2547 207 2645 Bag„
263 2543 483 2643 eandemque
524 2544 702 2616 scribendi
750 2532 923 2618 rationem
967 2545 1092 2619 Trinc.
1135 2549 1174 2620 iu

91 2646 235 2719 scholiis
260 2658 464 2720 constanter
485 2648 622 2736 tenuit,
663 2647 700 2716 in
726 2644 858 2745 quibus
884 2641 1030 2744 semper
1055 2649 1174 2748 Ἀμφν

91 2750 230 2844 τρύονος
253 2760 289 2821 et
310 2755 558 2846 Ἠλικτρνῶνος
581 2745 735 2847 legitur,
777 2748 821 2819 de
847 2774 916 2847 qua
943 2749 1186 2821 fluctuatione·

90 2850 160 2923 cl’r.
183 2852 300 2949 Hepu.
331 2848 377 2920 ad
401 2846 609 2945 Apollodor.
636 2873 675 2946 p.
691 2843 788 2938 199,
823 2850 950 2920 Heinr.
979 2861 1015 2921 et
1036 2848 1171 2923 Goettl.

89 2951 135 3024 ad
159 2964 273 3025 nostr.
296 2950 391 3042 loc.,
428 2949 554 3021 Herm.
575 2948 732 3047 Opuscc.
749 2949 817 3041 vt,
844 2976 881 3046 p.
895 2946 986 3020 195.
1005 2991 1058 3008 ...
1108 2950 1174 3023 Ce-

89 3065 204 3125 terum
222 3055 261 3125 in
278 3078 365 3125 voce
381 3052 633 3150 Ἠλεκτρύωνος
650 3050 698 3124 du
715 3050 754 3125 in
768 3075 874 3123 cuam
894 3052 990 3123 coire
1015 3075 1175 3149 pronun·

88 3156 210 3227 tiandu
235 3154 428 3254 syllabam,
467 3154 536 3225 iam
563 3150 696 3226 dudum
722 3151 900 3224 intellexit
918 3152 1173 3226 Wintertonus

88 3256 134 3328 ad
158 3256 198 3328 h.
218 3255 245 3327 l.
274 3266 310 3328 et
334 3266 457 3326 contra
483 3252 636 3326 Bailium
661 3252 833 3326 defendit.
888 3253 941 3325 lta
972 3252 1170 3354 Goetlling.

88 3369 213 3431 onuba
246 3355 446 3449 Wollium,
493 3357 580 3429 iiber
619 3359 675 3427 eiu
714 3354 776 3429 W
775 3367 831 3427 ort
862 3355 1075 3444 Friedried'r
1114 3358 1175 3429 der

92 3460 266 3549 Groasea,
292 3484 330 3555 p.
344 3453 419 3552 19,
456 3482 572 3556 neque
594 3455 696 3529 aliter
713 3455 843 3529 ttatth.
873 3455 939 3528 Gr.
967 3456 1033 3530 Gr.
1061 3455 1099 3558 §.
1116 3452 1177 3530 24

89 3572 126 3633 et
151 3559 340 3631 Thiarscb.
369 3584 406 3656 p.
427 3554 521 3649 119,
544 3555 585 3630 5.
652 3557 844 3631 Hesiodum
870 3557 909 3629 iu
935 3585 1003 3630 usu
1026 3558 1171 3657 Syuize·

89 3664 145 3733 sis'
173 3662 329 3733 Homero
364 3659 566 3733 liberiorem
600 3683 697 3752 esse,
753 3656 956 3731 observavit
990 3660 1168 3756 Spitzuer.

89 3762 134 3834 de
167 3789 262 3835 vers.
298 3763 470 3854 licroioo,
507 3787 545 3859 p.
567 3756 662 3854 187,
712 3760 877 3859 idemque
914 3759 982 3833 hae
1014 3760 1054 3831 iu
1084 3783 1172 3841 voce

89 3891 166 3936 eam
206 3864 393 3937 admissam
429 3863 573 3955 statuit,
618 3890 656 3961 p.
680 3858 744 3933 95.
823 3863 927 3936 Hanc
960 3862 1172 3949 sententiam

89 3965 276 4039 Heinrich.
305 3968 342 4037 iu
368 3967 528 4063 margine
554 3976 727 4062 sequutus
752 3974 818 4037 est.

189 4065 231 4138 ll.
284 4069 377 4167 ἦρ’ὀι
398 4065 545 4165 plurimi
563 4064 659 4138 libri.
693 4065 938 4166 ἣνρύιΙΜω.
966 4057 1172 4167 ,semoti

88 4176 255 4245 ι’καὶννυτο
278 4170 318 4241 S.

187 4267 227 4340 5.
281 4278 357 4344 εἴδει
389 4301 425 4343 τε
457 4269 547 4339 mF.
601 4277 683 4343 εἴδεΐ
700 4275 731 4353 τ’
759 4277 794 4344 ἐν
828 4291 848 4342 e
874 4267 1091 4342 correctione
1123 4265 1168 4337 C.

88 4399 134 4443 ex
152 4372 255 4442 Diae.
277 4383 317 4442 ut
339 4369 499 4457 ridetur,
527 4379 587 4444 »lv
602 4379 651 4469 τῷ
665 4374 775 4449 acilia
790 4381 845 4446 καὶ
861 4380 900 4473 τῇ
916 4374 1083 4470 φρονήσει.
1096 4398 1108 4429 ⁴
1121 4412 1171 4426 --

86 4488 183 4569 γέμω
208 4473 282 4549 AV
305 4467 432 4567 8678,
468 4471 700 4547 Winterlom
747 4487 783 4569 ys
807 4505 865 4568 μιν
890 4473 933 4544 C·
998 4471 1056 4544 Ex
1087 4466 1170 4542 reli·
