3044 5264
482 432 762 521 APPARATUS
799 434 1023 520 cuncus.
1218 433 1295 513 llo
1334 554 1338 564 Ι

210 637 419 745 apparatum
458 642 703 719 adornandum
746 671 804 718 me
839 647 1091 738 accinxissem,
1144 651 1294 721 aet-iam

210 749 440 847 perfecissem
465 745 652 844 pleraque:
678 759 818 845 praeter
842 774 983 820 omnem
998 736 1295 846 exspectationem

211 853 362 948 contigit
398 848 509 942 milri,
555 849 817 940 Welclrero,
866 851 944 921 viro
978 852 1293 947 praestantissimo,

212 950 473 1040 intercedente,
512 961 552 1021 ut
573 953 677 1021 etium
705 976 745 1022 ea
775 952 1019 1042 nanciscerer,
1054 977 1144 1050 quae
1168 952 1296 1024 Hein-
1362 947 1367 960 “

212 1055 383 1123 richius
427 1049 471 1122 ad
514 1076 640 1123 novam
682 1049 829 1123 Hesiodi
872 1051 1062 1124 editionem
1104 1054 1296 1150 parandam

213 1155 371 1250 collegit.
424 1152 537 1245 ,Quae
571 1155 698 1251 quanti
727 1153 800 1224 sint
829 1155 958 1250 pretii,
1006 1157 1117 1225 nolim
1152 1154 1298 1253 colligat

212 1254 343 1352 aliquis
378 1279 422 1325 ex
450 1252 525 1328 taor
556 1266 726 1351 apparatu
769 1255 891 1326 critico
927 1253 972 1325 ad
996 1253 1144 1326 Scotum
1179 1256 1294 1350 edit03

213 1357 252 1426 in
288 1380 359 1452 quo
393 1355 552 1450 profecto
582 1359 658 1451 ipsc
690 1380 762 1426 non
797 1353 924 1450 procul
961 1353 1085 1428 elisum
1121 1383 1141 1428 a
1172 1360 1297 1430 severo

213 1456 275 1527 Fr.
304 1458 352 1525 Α.
382 1455 512 1525 Woltii
557 1457 702 1528 iudicio.
792 1453 864 1527 Sed
898 1455 944 1527 ad
980 1456 1099 1555 Opera
1136 1469 1172 1530 et
1209 1458 1297 1530 Dies

211 1555 324 1627 multo
358 1557 492 1652 potiora
520 1569 680 1651 exstent,
725 1582 842 1654 neque
873 1556 918 1628 nd
942 1559 1188 1657 Theogoniam
1220 1585 1298 1631 cor·

212 1657 395 1756 rigendam
426 1657 555 1729 desunt
588 1658 804 1730 adiumenta.
870 1661 917 1729 At
950 1659 1039 1732 haec
1073 1662 1169 1756 ipsa,
1206 1686 1297 1758 quae

214 1781 309 1830 nunc
345 1757 559 1855 vulgantur,
614 1761 646 1829 ai
682 1759 794 1831 Scuto
834 1760 1055 1831 emendando
1090 1763 1208 1831 minus
1245 1763 1299 1830 in·

213 1861 393 1947 serviunt,
451 1860 653 1930 testimonio
695 1871 812 1932 tamen
853 1872 960 1932 erunt
1001 1860 1299 1951 luculentissimo,

214 1960 308 2031 unde
337 1959 533 2031 editoribus
564 1960 697 2032 suturis
732 1963 770 2033 in
803 1960 860 2032 his
883 1960 1051 2035 'tenebris
1086 1960 1150 2034 lux
1176 1987 1301 2060 exspe-

215 2061 339 2133 ctanda
365 2063 425 2132 sit.

317 2162 414 2232 lnter
449 2161 740 2260 dlosquenses
783 2165 942 2257 codices,
1007 2186 1098 2263 quos
1132 2193 1166 2237 a.
1197 2156 1302 2236 1774

213 2261 415 2334 Matthaeus
450 2262 621 2354 contulit,
670 2265 741 2337 duo
768 2266 917 2338 Scotum
960 2268 1164 2357 continent,
1212 2292 1302 2364 quos

214 2365 409 2435 nominavit
436 2365 555 2462 Mosq.
584 2365 608 2436 lo
634 2378 669 2438 et
693 2391 732 2456 c,
781 2368 952 2439 simillimi
985 2365 1079 2457 illis,
1118 2393 1209 2467 qnos
1238 2368 1304 2438 Pa·

214 2467 310 2536 risile
339 2468 557 2561 accepimus·
608 2468 791 2539 Praeterea
827 2491 886 2565 cp.
914 2467 1164 2540 Heinrichinm
1201 2492 1303 2565 repe·

215 2569 327 2636 rimus
353 2565 577 2639 collationem
604 2566 684 2639 cod.
714 2570 828 2639 Paris.
850 2564 974 2659 2531,
1010 2581 1234 2664 excerptam,
1264 2581 1304 2639 ut

216 2669 267 2737 uit
301 2666 554 2757 Heinrichius,
604 2668 788 2768 diligentia
826 2669 873 2741 G.
900 2668 1046 2760 Roscii,
1093 2669 1209 2758 Daui,
1259 2667 1305 2741 ad

218 2766 419 2864 exemplum
448 2769 741 2841 boesnerianum.
813 2770 911 2843 Haec
936 2793 1048 2841 novar
1086 2771 1180 2841 inest
1203 2795 1304 2865 prae·
1455 2795 1461 2806 ·

216 2881 312 2942 terea
339 2868 420 2941 cod.
443 2859 574 2959 2708,
619 2871 800 2948 alioesio
832 2883 868 2942 et
893 2870 973 2942 cod.
1003 2866 1111 2940 2835
1141 2896 1161 2940 a
1189 2871 1305 2940 Brun·

216 2969 297 3042 clrio
329 2973 479 3042 collatus
490 2997 502 3065 3
555 2970 617 3041 sed
650 2997 670 3042 a
705 2973 832 3042 llo‘c‘sio
869 2973 998 3043 iterum
1032 2970 1306 3069 diligentissime

216 3073 265 3142 ita
300 3097 492 3160 exeussus,
530 3085 570 3144 nt
593 3072 839 3161 Brunclriana,
891 3069 954 3144 nbi
989 3074 1109 3145 minus
1144 3083 1306 3144 accurata

217 3183 356 3260 essent,
391 3171 639 3246 emendatione
663 3174 760 3245 iuxtn
788 3177 902 3271 posita
928 3174 1137 3271 corrigeret.

319 3273 372 3343 lta
399 3273 530 3344 sactum
561 3287 633 3362 est,
680 3286 720 3345 ut
751 3275 891 3346 codices
925 3273 1089 3347 nonnulli
1122 3271 1219 3369 apud
1250 3298 1307 3345 me

217 3374 292 3445 sint
334 3385 389 3445 ter
429 3388 491 3444 aut
527 3387 654 3472 quater
690 3400 709 3446 a
746 3377 832 3446 viris
878 3375 1190 3472 praestantissimis
1237 3373 1310 3445 col·

218 3477 306 3563 lati,
347 3482 387 3545 ut
418 3475 498 3546 cod.
535 3478 647 3546 Paria.
668 3472 778 3546 2708
805 3497 824 3546 a
852 3475 1049 3565 lloelrlero,
1094 3476 1153 3545 Fr.
1181 3473 1311 3544 Thier·

218 3574 339 3664 schin,
377 3574 489 3674 Greg.
509 3576 709 3675 Georgiade
730 3578 883 3674 anyco,
922 3574 969 3649 G.
988 3576 1139 3665 linesi03
1169 3579 1205 3646 et
1228 3574 1309 3646 eod.

218 3672 327 3746 2855
372 3675 555 3748 aBeinh.
586 3676 788 3765 lloelrlero,
855 3681 914 3749 Fr.
943 3674 1174 3764 Tlrierschio,
1227 3676 1309 3746 Ric.

220 3776 400 3849 Brunekio
432 3790 468 3850 et
498 3781 641 3850 licesio.
721 3778 801 3871 Qua
829 3780 865 3848 in
893 3805 932 3850 re
963 3776 1123 3875 prolecto
1158 3800 1242 3846 vere
1278 3783 1316 3847 et

219 3879 298 3948 iure
335 3876 519 3952 lamentari
552 3904 763 3977 possumus,
819 3878 914 3977 quod
949 3872 1016 3948 viri
1053 3876 1177 3949 eximii
1211 3875 1314 3946 libris

218 3988 290 4049 tam
328 3979 529 4051 recentibus
565 3991 696 4053 tantam
732 3997 875 4076 operam
909 3990 981 4050 tam
1024 3979 1155 4074 exiguo
1193 3970 1313 4047 sruetu

218 4094 409 4151 naverunt.
773 4103 776 4111 ·

320 4181 508 4253 Venerunt
529 4192 645 4254 autem
664 4193 847 4279 praeterea
867 4183 906 4251 in
922 4202 1052 4251 manns
1069 4203 1186 4269 mens,
1223 4203 1316 4275 quae

219 4281 452 4353 Heinriehius
480 4284 555 4380 ipae
573 4282 792 4374 elaboravit,
823 4308 975 4380 quorum
1001 4304 1113 4351 unum
1139 4290 1215 4369 est,
1244 4303 1318 4376 quo

219 4385 258 4453 in
295 4385 360 4454 hoc
392 4396 561 4479 apparatu
596 4382 804 4454 adornando
845 4385 897 4452 uti
935 4382 1058 4478 potul,
1112 4377 1316 4474 exemplum

219 4482 388 4556 editionis
416 4478 711 4578 lleinriclrianne,
757 4484 797 4556 in
824 4509 897 4583 quo
922 4494 1060 4557 textum
1091 4478 1170 4578 ipse
1197 4504 1316 4551 cmen·

1035 4602 1062 4676 tl
