<?xml version="1.0" encoding="UTF-8"?>
<!DOCTYPE html PUBLIC "-//W3C//DTD XHTML 1.0 Transitional//EN"
    "http://www.w3.org/TR/xhtml1/DTD/xhtml1-transitional.dtd">
<html xmlns="http://www.w3.org/1999/xhtml" xml:lang="en" lang="en">
 <head>
  <title>
</title>
<meta http-equiv="Content-Type" content="text/html;charset=utf-8" />
  <meta name='ocr-system' content='tesseract 3.04.00' />
  <meta name='ocr-capabilities' content='ocr_page ocr_carea ocr_par ocr_line ocrx_word'/>
</head>
<body>
  <div class='ocr_page' id='page_1' title='image "./hesiodiquodfert00wolfgoog_0355.png"; bbox 0 0 3044 5264; ppageno 0'>
   <div class='ocr_carea' id='block_1_1' title="bbox 216 401 991 481">
    <p class='ocr_par' dir='ltr' id='par_1_1' title="bbox 216 401 991 481">
     <span class='ocr_line' id='line_1_1' title="bbox 216 401 991 481; baseline 0.001 -4"><span class='ocrx_word' id='word_1_1' title='bbox 216 401 299 478; x_wconf 77' lang='grc'><strong>519</strong></span> <span class='ocrx_word' id='word_1_2' title='bbox 536 403 758 481; x_wconf 78' lang='grc' dir='ltr'><strong>ΙΜΙΤΑΤΙΟ</strong></span> <span class='ocrx_word' id='word_1_3' title='bbox 791 404 991 481; x_wconf 82' lang='lat' dir='ltr'><strong>HOMERI.</strong></span> 
     </span>
    </p>
   </div>
   <div class='ocr_carea' id='block_1_2' title="bbox 168 612 1322 2843">
    <p class='ocr_par' dir='ltr' id='par_1_2' title="bbox 168 612 1322 1622">
     <span class='ocr_line' id='line_1_2' title="bbox 216 612 1322 714; baseline -0.004 -22"><span class='ocrx_word' id='word_1_4' title='bbox 216 615 306 692; x_wconf 87' lang='lat' dir='ltr'><strong>helii</strong></span> <span class='ocrx_word' id='word_1_5' title='bbox 331 613 515 688; x_wconf 75' lang='lat' dir='ltr'><strong>saevitiam</strong></span> <span class='ocrx_word' id='word_1_6' title='bbox 540 612 738 714; x_wconf 79' lang='lat' dir='ltr'>imaginum</span> <span class='ocrx_word' id='word_1_7' title='bbox 759 613 933 687; x_wconf 80' lang='lat' dir='ltr'><strong>suavitate</strong></span> <span class='ocrx_word' id='word_1_8' title='bbox 959 639 1005 688; x_wconf 85' lang='lat' dir='ltr'><strong>ex</strong></span> <span class='ocrx_word' id='word_1_9' title='bbox 1023 614 1097 687; x_wconf 79' lang='lat' dir='ltr'><strong>vitu</strong></span> <span class='ocrx_word' id='word_1_10' title='bbox 1122 615 1322 688; x_wconf 87' lang='lat' dir='ltr'><strong>hominum</strong></span> 
     </span>
     <span class='ocr_line' id='line_1_3' title="bbox 217 712 1318 814; baseline -0.002 -21"><span class='ocrx_word' id='word_1_11' title='bbox 217 720 484 814; x_wconf 74' lang='lat' dir='ltr'><strong>desumptarum</strong></span> <span class='ocrx_word' id='word_1_12' title='bbox 510 712 624 788; x_wconf 84' lang='lat' dir='ltr'><strong>lenire</strong></span> <span class='ocrx_word' id='word_1_13' title='bbox 649 714 821 804; x_wconf 83' lang='lat' dir='ltr'><strong>voluisse,</strong></span> <span class='ocrx_word' id='word_1_14' title='bbox 871 741 944 789; x_wconf 91' lang='lat' dir='ltr'><strong>non</strong></span> <span class='ocrx_word' id='word_1_15' title='bbox 970 726 1026 790; x_wconf 89' lang='lat' dir='ltr'><strong>est</strong></span> <span class='ocrx_word' id='word_1_16' title='bbox 1049 715 1318 813; x_wconf 76' lang='lat' dir='ltr'>improbabile:</span> 
     </span>
     <span class='ocr_line' id='line_1_4' title="bbox 215 814 1321 916; baseline -0.002 -21"><span class='ocrx_word' id='word_1_17' title='bbox 215 821 279 896; x_wconf 88' lang='lat' dir='ltr'><strong>hie</strong></span> <span class='ocrx_word' id='word_1_18' title='bbox 300 828 425 894; x_wconf 87' lang='lat' dir='ltr'><strong>contra</strong></span> <span class='ocrx_word' id='word_1_19' title='bbox 450 815 542 889; x_wconf 90' lang='lat' dir='ltr'><strong>nihil</strong></span> <span class='ocrx_word' id='word_1_20' title='bbox 569 828 642 889; x_wconf 85' lang='lat' dir='ltr'><strong>tam</strong></span> <span class='ocrx_word' id='word_1_21' title='bbox 666 841 773 914; x_wconf 86' lang='lat' dir='ltr'><strong>saepe</strong></span> <span class='ocrx_word' id='word_1_22' title='bbox 799 814 976 909; x_wconf 78' lang='lat' dir='ltr'><strong>inculcat,</strong></span> <span class='ocrx_word' id='word_1_23' title='bbox 1012 843 1119 916; x_wconf 86' lang='lat' dir='ltr'><strong>qnam</strong></span> <span class='ocrx_word' id='word_1_24' title='bbox 1136 829 1321 892; x_wconf 86' lang='lat' dir='ltr'><strong>terrorem</strong></span> 
     </span>
     <span class='ocr_line' id='line_1_5' title="bbox 168 916 1320 1024; baseline 0.002 -32"><span class='ocrx_word' id='word_1_25' title='bbox 168 936 174 947; x_wconf 82' lang='lat'>&#39;</span> <span class='ocrx_word' id='word_1_26' title='bbox 216 945 480 1024; x_wconf 79' lang='lat' dir='ltr'><strong>pavoremque,</strong></span> <span class='ocrx_word' id='word_1_27' title='bbox 537 942 582 991; x_wconf 87' lang='lat' dir='ltr'><strong>ex</strong></span> <span class='ocrx_word' id='word_1_28' title='bbox 617 919 706 1015; x_wconf 91' lang='lat' dir='ltr'><strong>ipsis</strong></span> <span class='ocrx_word' id='word_1_29' title='bbox 739 916 868 1016; x_wconf 80' lang='lat' dir='ltr'><strong>figuris</strong></span> <span class='ocrx_word' id='word_1_30' title='bbox 909 919 947 992; x_wconf 88' lang='lat' dir='ltr'><strong>iu</strong></span> <span class='ocrx_word' id='word_1_31' title='bbox 979 917 1089 992; x_wconf 85' lang='lat' dir='ltr'><strong>Scuto</strong></span> <span class='ocrx_word' id='word_1_32' title='bbox 1127 924 1320 1017; x_wconf 80' lang='lat' dir='ltr'><strong>expressis</strong></span> 
     </span>
     <span class='ocr_line' id='line_1_6' title="bbox 214 1013 1320 1114; baseline -0.002 -16"><span class='ocrx_word' id='word_1_33' title='bbox 214 1025 415 1114; x_wconf 76' lang='lat' dir='ltr'><strong>orientem,</strong></span> <span class='ocrx_word' id='word_1_34' title='bbox 461 1019 529 1093; x_wconf 85' lang='lat' dir='ltr'><strong>el&#39;r.</strong></span> <span class='ocrx_word' id='word_1_35' title='bbox 557 1014 659 1111; x_wconf 79' lang='grc'><strong>111,</strong></span> <span class='ocrx_word' id='word_1_36' title='bbox 687 1015 786 1110; x_wconf 77' lang='grc'><strong>119,</strong></span> <span class='ocrx_word' id='word_1_37' title='bbox 815 1013 914 1091; x_wconf 75' lang='lat'><strong>162:</strong></span> <span class='ocrx_word' id='word_1_38' title='bbox 963 1020 1012 1092; x_wconf 88' lang='lat' dir='ltr'><strong>ita</strong></span> <span class='ocrx_word' id='word_1_39' title='bbox 1039 1033 1080 1094; x_wconf 90' lang='lat' dir='ltr'><strong>ut</strong></span> <span class='ocrx_word' id='word_1_40' title='bbox 1105 1046 1182 1094; x_wconf 87' lang='lat' dir='ltr'><strong>nno</strong></span> <span class='ocrx_word' id='word_1_41' title='bbox 1212 1023 1320 1096; x_wconf 87' lang='lat' dir='ltr'><strong>Senti</strong></span> 
     </span>
     <span class='ocr_line' id='line_1_7' title="bbox 217 1119 1320 1224; baseline 0 -26"><span class='ocrx_word' id='word_1_42' title='bbox 217 1126 388 1224; x_wconf 84' lang='lat' dir='ltr'><strong>adspectu</strong></span> <span class='ocrx_word' id='word_1_43' title='bbox 413 1125 483 1194; x_wconf 90' lang='lat' dir='ltr'><strong>iam</strong></span> <span class='ocrx_word' id='word_1_44' title='bbox 509 1121 631 1194; x_wconf 86' lang='lat' dir='ltr'><strong>hostes</strong></span> <span class='ocrx_word' id='word_1_45' title='bbox 654 1119 821 1193; x_wconf 86' lang='lat' dir='ltr'><strong>Herculis</strong></span> <span class='ocrx_word' id='word_1_46' title='bbox 850 1122 1029 1217; x_wconf 75' lang='lat' dir='ltr'><strong>prosterni</strong></span> <span class='ocrx_word' id='word_1_47' title='bbox 1060 1125 1229 1220; x_wconf 88' lang='lat' dir='ltr'><strong>potuisse</strong></span> <span class='ocrx_word' id='word_1_48' title='bbox 1265 1127 1320 1198; x_wconf 79' lang='lat' dir='ltr'><strong>vi·</strong></span> 
     </span>
     <span class='ocr_line' id='line_1_8' title="bbox 216 1222 1318 1321; baseline 0 -22"><span class='ocrx_word' id='word_1_49' title='bbox 216 1225 384 1301; x_wconf 87' lang='lat' dir='ltr'><strong>deantur.</strong></span> <span class='ocrx_word' id='word_1_50' title='bbox 437 1223 507 1296; x_wconf 88' lang='lat' dir='ltr'><strong>Cui</strong></span> <span class='ocrx_word' id='word_1_51' title='bbox 532 1224 585 1296; x_wconf 87' lang='lat' dir='ltr'><strong>rei</strong></span> <span class='ocrx_word' id='word_1_52' title='bbox 604 1233 834 1321; x_wconf 74' lang='lat' dir='ltr'><strong>posteaquam</strong></span> <span class='ocrx_word' id='word_1_53' title='bbox 858 1222 1079 1297; x_wconf 74' lang='lat' dir='ltr'><strong>satisfactum</strong></span> <span class='ocrx_word' id='word_1_54' title='bbox 1103 1223 1318 1320; x_wconf 85' lang='lat' dir='ltr'><strong>videbatur,</strong></span> 
     </span>
     <span class='ocr_line' id='line_1_9' title="bbox 215 1324 1320 1423; baseline 0 -21"><span class='ocrx_word' id='word_1_55' title='bbox 215 1340 295 1402; x_wconf 83' lang='lat' dir='ltr'><strong>tum</strong></span> <span class='ocrx_word' id='word_1_56' title='bbox 321 1325 463 1400; x_wconf 89' lang='lat' dir='ltr'><strong>demum</strong></span> <span class='ocrx_word' id='word_1_57' title='bbox 490 1326 608 1423; x_wconf 88' lang='lat' dir='ltr'><strong>coepit</strong></span> <span class='ocrx_word' id='word_1_58' title='bbox 632 1326 737 1398; x_wconf 86' lang='lat' dir='ltr'><strong>etiam</strong></span> <span class='ocrx_word' id='word_1_59' title='bbox 764 1325 851 1396; x_wconf 88' lang='lat' dir='ltr'><strong>artis</strong></span> <span class='ocrx_word' id='word_1_60' title='bbox 869 1324 1140 1421; x_wconf 81' lang='lat' dir='ltr'><strong>perfectionem,</strong></span> <span class='ocrx_word' id='word_1_61' title='bbox 1177 1328 1220 1399; x_wconf 88' lang='lat' dir='ltr'><strong>iu</strong></span> <span class='ocrx_word' id='word_1_62' title='bbox 1241 1339 1320 1402; x_wconf 89' lang='lat' dir='ltr'><strong>totu</strong></span> 
     </span>
     <span class='ocr_line' id='line_1_10' title="bbox 217 1423 1317 1527; baseline 0.003 -28"><span class='ocrx_word' id='word_1_63' title='bbox 217 1455 327 1527; x_wconf 82' lang='lat' dir='ltr'><strong>opere</strong></span> <span class='ocrx_word' id='word_1_64' title='bbox 349 1425 576 1527; x_wconf 77' lang='lat' dir='ltr'><strong>singulisque</strong></span> <span class='ocrx_word' id='word_1_65' title='bbox 601 1426 681 1500; x_wconf 90' lang='lat' dir='ltr'><strong>eius</strong></span> <span class='ocrx_word' id='word_1_66' title='bbox 705 1424 834 1525; x_wconf 76' lang='lat' dir='ltr'><strong>liguris</strong></span> <span class='ocrx_word' id='word_1_67' title='bbox 860 1423 1079 1501; x_wconf 78' lang='lat' dir='ltr'><strong>fabricandis</strong></span> <span class='ocrx_word' id='word_1_68' title='bbox 1105 1426 1317 1526; x_wconf 77' lang='lat' dir='ltr'><strong>probatam,</strong></span> 
     </span>
     <span class='ocr_line' id='line_1_11' title="bbox 217 1524 821 1622; baseline -0.01 -18"><span class='ocrx_word' id='word_1_69' title='bbox 217 1529 419 1622; x_wconf 86' lang='lat' dir='ltr'><strong>celebrare,</strong></span> <span class='ocrx_word' id='word_1_70' title='bbox 444 1525 544 1620; x_wconf 85' lang='grc'><strong>189,</strong></span> <span class='ocrx_word' id='word_1_71' title='bbox 572 1524 678 1619; x_wconf 75' lang='grc'><strong>911,</strong></span> <span class='ocrx_word' id='word_1_72' title='bbox 720 1527 821 1600; x_wconf 84' lang='lat' dir='ltr'><strong>alihi.</strong></span> 
     </span>
    </p>

    <p class='ocr_par' dir='ltr' id='par_1_3' title="bbox 207 1627 1318 2843">
     <span class='ocr_line' id='line_1_12' title="bbox 320 1627 1318 1728; baseline 0.002 -24"><span class='ocrx_word' id='word_1_73' title='bbox 320 1629 461 1704; x_wconf 86' lang='lat' dir='ltr'><strong>Deinde</strong></span> <span class='ocrx_word' id='word_1_74' title='bbox 486 1627 584 1728; x_wconf 86' lang='lat' dir='ltr'><strong>quod</strong></span> <span class='ocrx_word' id='word_1_75' title='bbox 609 1629 774 1728; x_wconf 73' lang='lat' dir='ltr'><strong>liepnius</strong></span> <span class='ocrx_word' id='word_1_76' title='bbox 800 1629 838 1699; x_wconf 91' lang='lat' dir='ltr'><strong>iu</strong></span> <span class='ocrx_word' id='word_1_77' title='bbox 857 1629 1047 1702; x_wconf 86' lang='lat' dir='ltr'><strong>Homerico</strong></span> <span class='ocrx_word' id='word_1_78' title='bbox 1072 1640 1176 1703; x_wconf 88' lang='lat' dir='ltr'><strong>scuto</strong></span> <span class='ocrx_word' id='word_1_79' title='bbox 1200 1631 1318 1706; x_wconf 84' lang='lat' dir='ltr'><strong>vehe-</strong></span> 
     </span>
     <span class='ocr_line' id='line_1_13' title="bbox 216 1727 1318 1831; baseline -0.002 -23"><span class='ocrx_word' id='word_1_80' title='bbox 216 1744 357 1809; x_wconf 86' lang='lat' dir='ltr'><strong>menter</strong></span> <span class='ocrx_word' id='word_1_81' title='bbox 381 1729 631 1829; x_wconf 80' lang='lat' dir='ltr'><strong>reprehendit,</strong></span> <span class='ocrx_word' id='word_1_82' title='bbox 658 1742 746 1803; x_wconf 87' lang='lat' dir='ltr'><strong>tom.</strong></span> <span class='ocrx_word' id='word_1_83' title='bbox 756 1730 844 1822; x_wconf 86' lang='lat' dir='ltr'><strong>Vll,</strong></span> <span class='ocrx_word' id='word_1_84' title='bbox 863 1758 901 1829; x_wconf 75' lang='lat'>1¹.-</span> <span class='ocrx_word' id='word_1_85' title='bbox 912 1727 991 1802; x_wconf 77' lang='lat' dir='ltr'><strong>lilss</strong></span> <span class='ocrx_word' id='word_1_86' title='bbox 1006 1757 1110 1830; x_wconf 74' lang='lat' dir='ltr'><strong>seq.z</strong></span> <span class='ocrx_word' id='word_1_87' title='bbox 1168 1732 1318 1831; x_wconf 78' lang='lat' dir='ltr'><strong>»clipei</strong></span> 
     </span>
     <span class='ocr_line' id='line_1_14' title="bbox 217 1831 1318 1910; baseline -0.003 0"><span class='ocrx_word' id='word_1_88' title='bbox 217 1849 336 1910; x_wconf 88' lang='lat' dir='ltr'><strong>autem</strong></span> <span class='ocrx_word' id='word_1_89' title='bbox 361 1833 471 1907; x_wconf 87' lang='lat' dir='ltr'><strong>huius</strong></span> <span class='ocrx_word' id='word_1_90' title='bbox 496 1834 643 1907; x_wconf 89' lang='lat' dir='ltr'><strong>omuino</strong></span> <span class='ocrx_word' id='word_1_91' title='bbox 668 1831 767 1904; x_wconf 89' lang='lat' dir='ltr'><strong>uulla</strong></span> <span class='ocrx_word' id='word_1_92' title='bbox 794 1843 849 1904; x_wconf 91' lang='lat' dir='ltr'><strong>est</strong></span> <span class='ocrx_word' id='word_1_93' title='bbox 872 1834 964 1905; x_wconf 89' lang='lat' dir='ltr'><strong>rutio</strong></span> <span class='ocrx_word' id='word_1_94' title='bbox 983 1832 1028 1905; x_wconf 87' lang='lat' dir='ltr'><strong>ud</strong></span> <span class='ocrx_word' id='word_1_95' title='bbox 1052 1859 1196 1906; x_wconf 84' lang='lat' dir='ltr'><strong>carmen</strong></span> <span class='ocrx_word' id='word_1_96' title='bbox 1216 1837 1318 1907; x_wconf 88' lang='lat' dir='ltr'><strong>eius·</strong></span> 
     </span>
     <span class='ocr_line' id='line_1_15' title="bbox 207 1932 1316 2038; baseline -0.001 -28"><span class='ocrx_word' id='word_1_97' title='bbox 207 1959 290 2038; x_wconf 84' lang='lat' dir='ltr'><strong>&#39;que</strong></span> <span class='ocrx_word' id='word_1_98' title='bbox 324 1946 593 2036; x_wconf 69' lang='lat' dir='ltr'><strong>argumentum</strong></span> <span class='ocrx_word' id='word_1_99' title='bbox 648 1932 741 2005; x_wconf 81' lang='lat' dir='ltr'><strong>nihil</strong></span> <span class='ocrx_word' id='word_1_100' title='bbox 778 1933 894 2026; x_wconf 85' lang='lat' dir='ltr'><strong>inest,</strong></span> <span class='ocrx_word' id='word_1_101' title='bbox 942 1933 1040 2034; x_wconf 92' lang='lat' dir='ltr'><strong>quod</strong></span> <span class='ocrx_word' id='word_1_102' title='bbox 1075 1936 1316 2009; x_wconf 88' lang='lat' dir='ltr'><strong>coniunctum</strong></span> 
     </span>
     <span class='ocr_line' id='line_1_16' title="bbox 216 2034 1317 2135; baseline -0.001 -23"><span class='ocrx_word' id='word_1_103' title='bbox 216 2043 266 2113; x_wconf 89' lang='lat' dir='ltr'><strong>sit</strong></span> <span class='ocrx_word' id='word_1_104' title='bbox 288 2064 371 2112; x_wconf 91' lang='lat' dir='ltr'><strong>cum</strong></span> <span class='ocrx_word' id='word_1_105' title='bbox 398 2039 474 2135; x_wconf 85' lang='lat' dir='ltr'><strong>ipss</strong></span> <span class='ocrx_word' id='word_1_106' title='bbox 497 2036 621 2108; x_wconf 88' lang='lat' dir='ltr'><strong>llindis</strong></span> <span class='ocrx_word' id='word_1_107' title='bbox 643 2037 805 2127; x_wconf 88' lang='lat' dir='ltr'><strong>ratione,</strong></span> <span class='ocrx_word' id='word_1_108' title='bbox 849 2034 986 2108; x_wconf 91' lang='lat' dir='ltr'><strong>nullam</strong></span> <span class='ocrx_word' id='word_1_109' title='bbox 1016 2035 1126 2108; x_wconf 88' lang='lat' dir='ltr'><strong>hahet</strong></span> <span class='ocrx_word' id='word_1_110' title='bbox 1157 2039 1235 2108; x_wconf 78' lang='lat' dir='ltr'><strong>vim</strong></span> <span class='ocrx_word' id='word_1_111' title='bbox 1269 2037 1317 2111; x_wconf 87' lang='lat' dir='ltr'><strong>ad</strong></span> 
     </span>
     <span class='ocr_line' id='line_1_17' title="bbox 217 2136 1313 2233; baseline -0.007 -20"><span class='ocrx_word' id='word_1_112' title='bbox 217 2138 465 2215; x_wconf 86' lang='lat' dir='ltr'><strong>declarandam</strong></span> <span class='ocrx_word' id='word_1_113' title='bbox 488 2136 640 2211; x_wconf 83' lang='lat' dir='ltr'><strong>Achillis</strong></span> <span class='ocrx_word' id='word_1_114' title='bbox 666 2139 854 2229; x_wconf 84' lang='lat' dir='ltr'><strong>virtutem,</strong></span> <span class='ocrx_word' id='word_1_115' title='bbox 889 2138 1002 2228; x_wconf 80' lang='lat' dir='ltr'><strong>fucta,</strong></span> <span class='ocrx_word' id='word_1_116' title='bbox 1039 2147 1313 2233; x_wconf 68' lang='lat' dir='ltr'><strong>errassem«,</strong></span> 
     </span>
     <span class='ocr_line' id='line_1_18' title="bbox 216 2237 1315 2314; baseline -0.001 -1"><span class='ocrx_word' id='word_1_117' title='bbox 216 2241 255 2314; x_wconf 90' lang='lat' dir='ltr'><strong>id</strong></span> <span class='ocrx_word' id='word_1_118' title='bbox 286 2244 355 2311; x_wconf 84' lang='lat' dir='ltr'><strong>iam</strong></span> <span class='ocrx_word' id='word_1_119' title='bbox 390 2249 513 2309; x_wconf 87' lang='lat' dir='ltr'><strong>noster</strong></span> <span class='ocrx_word' id='word_1_120' title='bbox 543 2239 698 2308; x_wconf 86' lang='lat' dir='ltr'><strong>sensisse</strong></span> <span class='ocrx_word' id='word_1_121' title='bbox 724 2237 884 2310; x_wconf 85' lang='lat' dir='ltr'><strong>videtur:</strong></span> <span class='ocrx_word' id='word_1_122' title='bbox 933 2249 1029 2314; x_wconf 89' lang='lat' dir='ltr'><strong>certe</strong></span> <span class='ocrx_word' id='word_1_123' title='bbox 1065 2240 1200 2312; x_wconf 84' lang='lat' dir='ltr'><strong>evitare</strong></span> <span class='ocrx_word' id='word_1_124' title='bbox 1236 2254 1315 2313; x_wconf 86' lang='lat' dir='ltr'><strong>stn-</strong></span> 
     </span>
     <span class='ocr_line' id='line_1_19' title="bbox 216 2339 1314 2436; baseline 0.001 -23"><span class='ocrx_word' id='word_1_125' title='bbox 216 2341 308 2413; x_wconf 87' lang='lat' dir='ltr'><strong>duit.</strong></span> <span class='ocrx_word' id='word_1_126' title='bbox 363 2340 541 2411; x_wconf 88' lang='lat' dir='ltr'><strong>Homerus</strong></span> <span class='ocrx_word' id='word_1_127' title='bbox 566 2340 660 2410; x_wconf 90' lang='lat' dir='ltr'><strong>euim</strong></span> <span class='ocrx_word' id='word_1_128' title='bbox 690 2349 831 2435; x_wconf 85' lang='lat' dir='ltr'><strong>praeter</strong></span> <span class='ocrx_word' id='word_1_129' title='bbox 853 2339 1003 2412; x_wconf 83' lang='lat' dir='ltr'><strong>Martem</strong></span> <span class='ocrx_word' id='word_1_130' title='bbox 1030 2351 1066 2413; x_wconf 90' lang='lat' dir='ltr'><strong>et</strong></span> <span class='ocrx_word' id='word_1_131' title='bbox 1089 2340 1314 2436; x_wconf 79' lang='lat' dir='ltr'><strong>Minervam,</strong></span> 
     </span>
     <span class='ocr_line' id='line_1_20' title="bbox 215 2439 1316 2541; baseline 0.004 -28"><span class='ocrx_word' id='word_1_132' title='bbox 215 2467 308 2541; x_wconf 90' lang='lat' dir='ltr'><strong>quos</strong></span> <span class='ocrx_word' id='word_1_133' title='bbox 334 2439 420 2515; x_wconf 90' lang='lat' dir='ltr'><strong>deos</strong></span> <span class='ocrx_word' id='word_1_134' title='bbox 452 2440 577 2538; x_wconf 87' lang='lat' dir='ltr'><strong>paucis</strong></span> <span class='ocrx_word' id='word_1_135' title='bbox 608 2441 728 2512; x_wconf 83' lang='lat' dir='ltr'><strong>verbis</strong></span> <span class='ocrx_word' id='word_1_136' title='bbox 758 2442 897 2540; x_wconf 82' lang='lat' dir='ltr'><strong>tetigit,</strong></span> <span class='ocrx_word' id='word_1_137' title='bbox 946 2439 1038 2512; x_wconf 88' lang='lat' dir='ltr'><strong>nihil</strong></span> <span class='ocrx_word' id='word_1_138' title='bbox 1071 2439 1179 2539; x_wconf 81' lang='lat' dir='ltr'><strong>plane</strong></span> <span class='ocrx_word' id='word_1_139' title='bbox 1210 2469 1316 2517; x_wconf 90' lang='lat' dir='ltr'><strong>com·</strong></span> 
     </span>
     <span class='ocr_line' id='line_1_21' title="bbox 215 2539 1315 2642; baseline -0.001 -24"><span class='ocrx_word' id='word_1_140' title='bbox 215 2552 495 2635; x_wconf 86' lang='lat' dir='ltr'><strong>memoraverat,</strong></span> <span class='ocrx_word' id='word_1_141' title='bbox 554 2539 652 2642; x_wconf 90' lang='lat' dir='ltr'><strong>quud</strong></span> <span class='ocrx_word' id='word_1_142' title='bbox 688 2553 782 2615; x_wconf 87' lang='lat' dir='ltr'><strong>esset</strong></span> <span class='ocrx_word' id='word_1_143' title='bbox 813 2569 860 2615; x_wconf 84' lang='lat' dir='ltr'><strong>ex</strong></span> <span class='ocrx_word' id='word_1_144' title='bbox 894 2542 1110 2641; x_wconf 64' lang='lat' dir='ltr'><strong>mythologie</strong></span> <span class='ocrx_word' id='word_1_145' title='bbox 1148 2544 1230 2617; x_wconf 83' lang='lat' dir='ltr'><strong>sive</strong></span> <span class='ocrx_word' id='word_1_146' title='bbox 1268 2573 1315 2619; x_wconf 85' lang='lat' dir='ltr'><strong>ex</strong></span> 
     </span>
     <span class='ocr_line' id='line_1_22' title="bbox 214 2642 1315 2743; baseline 0 -23"><span class='ocrx_word' id='word_1_147' title='bbox 214 2645 363 2720; x_wconf 85' lang='lat' dir='ltr'><strong>historia</strong></span> <span class='ocrx_word' id='word_1_148' title='bbox 389 2645 554 2743; x_wconf 86' lang='lat' dir='ltr'><strong>petitum.</strong></span> <span class='ocrx_word' id='word_1_149' title='bbox 613 2643 746 2716; x_wconf 82' lang='lat' dir='ltr'><strong>Noster</strong></span> <span class='ocrx_word' id='word_1_150' title='bbox 771 2670 856 2716; x_wconf 82' lang='lat' dir='ltr'><strong>vero</strong></span> <span class='ocrx_word' id='word_1_151' title='bbox 881 2670 954 2717; x_wconf 90' lang='lat' dir='ltr'><strong>non</strong></span> <span class='ocrx_word' id='word_1_152' title='bbox 981 2646 1096 2716; x_wconf 90' lang='lat' dir='ltr'><strong>solnm</strong></span> <span class='ocrx_word' id='word_1_153' title='bbox 1121 2642 1192 2718; x_wconf 90' lang='lat' dir='ltr'><strong>hos</strong></span> <span class='ocrx_word' id='word_1_154' title='bbox 1221 2650 1315 2720; x_wconf 88' lang='lat' dir='ltr'><strong>reti·</strong></span> 
     </span>
     <span class='ocr_line' id='line_1_23' title="bbox 215 2743 1311 2843; baseline 0 -23"><span class='ocrx_word' id='word_1_155' title='bbox 215 2752 296 2820; x_wconf 90' lang='lat' dir='ltr'><strong>nuit</strong></span> <span class='ocrx_word' id='word_1_156' title='bbox 332 2758 370 2821; x_wconf 90' lang='lat' dir='ltr'><strong>et</strong></span> <span class='ocrx_word' id='word_1_157' title='bbox 403 2743 569 2843; x_wconf 86' lang='lat' dir='ltr'><strong>pluribus</strong></span> <span class='ocrx_word' id='word_1_158' title='bbox 603 2746 709 2816; x_wconf 88' lang='lat' dir='ltr'><strong>etiam</strong></span> <span class='ocrx_word' id='word_1_159' title='bbox 742 2744 906 2817; x_wconf 79' lang='lat' dir='ltr'><strong>versibus</strong></span> <span class='ocrx_word' id='word_1_160' title='bbox 940 2748 1100 2836; x_wconf 81' lang='lat' dir='ltr'><strong>ornavit,</strong></span> <span class='ocrx_word' id='word_1_161' title='bbox 1155 2773 1213 2817; x_wconf 81' lang='lat' dir='ltr'><strong>vs.</strong></span> <span class='ocrx_word' id='word_1_162' title='bbox 1232 2745 1311 2821; x_wconf 90' lang='grc'><strong>191</strong></span> 
     </span>
    </p>
   </div>
   <div class='ocr_carea' id='block_1_3' title="bbox 214 2846 1314 3122">
    <p class='ocr_par' dir='ltr' id='par_1_4' title="bbox 214 2846 1314 3122">
     <span class='ocr_line' id='line_1_24' title="bbox 214 2846 1314 2950; baseline 0.001 -27"><span class='ocrx_word' id='word_1_163' title='bbox 214 2875 347 2950; x_wconf 82' lang='lat' dir='ltr'><strong>seqq,</strong></span> <span class='ocrx_word' id='word_1_164' title='bbox 383 2846 549 2920; x_wconf 86' lang='lat' dir='ltr'><strong>sedeam</strong></span> <span class='ocrx_word' id='word_1_165' title='bbox 575 2871 649 2920; x_wconf 85' lang='lat' dir='ltr'><strong>rem</strong></span> <span class='ocrx_word' id='word_1_166' title='bbox 676 2859 857 2942; x_wconf 88' lang='lat' dir='ltr'><strong>praeterea</strong></span> <span class='ocrx_word' id='word_1_167' title='bbox 883 2849 930 2918; x_wconf 88' lang='lat' dir='ltr'><strong>itu</strong></span> <span class='ocrx_word' id='word_1_168' title='bbox 953 2847 1122 2938; x_wconf 88' lang='lat' dir='ltr'><strong>instituit,</strong></span> <span class='ocrx_word' id='word_1_169' title='bbox 1149 2859 1192 2920; x_wconf 90' lang='lat' dir='ltr'><strong>ut</strong></span> <span class='ocrx_word' id='word_1_170' title='bbox 1208 2863 1314 2924; x_wconf 89' lang='lat' dir='ltr'><strong>arete</strong></span> 
     </span>
     <span class='ocr_line' id='line_1_25' title="bbox 214 2947 1312 3122; baseline -0.003 -97"><span class='ocrx_word' id='word_1_171' title='bbox 214 2978 294 3025; x_wconf 90' lang='lat' dir='ltr'><strong>eum</strong></span> <span class='ocrx_word' id='word_1_172' title='bbox 321 2961 533 3122; x_wconf 60' lang='lat' dir='ltr'><strong>arpumento</strong></span> <span class='ocrx_word' id='word_1_173' title='bbox 558 2947 778 3022; x_wconf 86' lang='lat' dir='ltr'><strong>cohaereret.</strong></span> <span class='ocrx_word' id='word_1_174' title='bbox 848 2948 942 3022; x_wconf 90' lang='lat' dir='ltr'><strong>Num</strong></span> <span class='ocrx_word' id='word_1_175' title='bbox 968 2960 1009 3021; x_wconf 92' lang='lat' dir='ltr'><strong>ut</strong></span> <span class='ocrx_word' id='word_1_176' title='bbox 1033 2949 1131 3021; x_wconf 86' lang='lat' dir='ltr'><strong>Mars</strong></span> <span class='ocrx_word' id='word_1_177' title='bbox 1162 2961 1200 3021; x_wconf 90' lang='lat' dir='ltr'><strong>et</strong></span> <span class='ocrx_word' id='word_1_178' title='bbox 1234 2952 1312 3023; x_wconf 82' lang='lat' dir='ltr'><strong>Mi-</strong></span> 
     </span>
    </p>
   </div>
   <div class='ocr_carea' id='block_1_4' title="bbox 206 3049 1312 4575">
    <p class='ocr_par' dir='ltr' id='par_1_5' title="bbox 208 3049 1312 3962">
     <span class='ocr_line' id='line_1_26' title="bbox 212 3049 1310 3150; baseline -0.003 -24"><span class='ocrx_word' id='word_1_179' title='bbox 212 3079 323 3126; x_wconf 79' lang='lat' dir='ltr'><strong>nerva</strong></span> <span class='ocrx_word' id='word_1_180' title='bbox 388 3050 527 3150; x_wconf 88' lang='lat' dir='ltr'><strong>apithns</strong></span> <span class='ocrx_word' id='word_1_181' title='bbox 563 3062 600 3123; x_wconf 90' lang='lat' dir='ltr'><strong>et</strong></span> <span class='ocrx_word' id='word_1_182' title='bbox 631 3049 829 3122; x_wconf 83' lang='lat' dir='ltr'><strong>Centauros</strong></span> <span class='ocrx_word' id='word_1_183' title='bbox 868 3061 1070 3147; x_wconf 84' lang='lat' dir='ltr'><strong>pugnantes</strong></span> <span class='ocrx_word' id='word_1_184' title='bbox 1116 3050 1310 3146; x_wconf 82' lang='lat' dir='ltr'><strong>adiuvant,</strong></span> 
     </span>
     <span class='ocr_line' id='line_1_27' title="bbox 212 3150 1312 3250; baseline 0.001 -23"><span class='ocrx_word' id='word_1_185' title='bbox 212 3157 262 3227; x_wconf 87' lang='lat' dir='ltr'><strong>ita</strong></span> <span class='ocrx_word' id='word_1_186' title='bbox 295 3151 403 3224; x_wconf 91' lang='lat' dir='ltr'><strong>iidem</strong></span> <span class='ocrx_word' id='word_1_187' title='bbox 432 3151 599 3225; x_wconf 84' lang='lat' dir='ltr'><strong>Herculis</strong></span> <span class='ocrx_word' id='word_1_188' title='bbox 632 3163 669 3223; x_wconf 91' lang='lat' dir='ltr'><strong>et</strong></span> <span class='ocrx_word' id='word_1_189' title='bbox 699 3151 813 3250; x_wconf 72' lang='lat' dir='ltr'><strong>Cycni</strong></span> <span class='ocrx_word' id='word_1_190' title='bbox 846 3150 978 3248; x_wconf 89' lang='lat' dir='ltr'><strong>praelio</strong></span> <span class='ocrx_word' id='word_1_191' title='bbox 1014 3153 1213 3244; x_wconf 89' lang='lat' dir='ltr'><strong>intersunt,</strong></span> <span class='ocrx_word' id='word_1_192' title='bbox 1272 3167 1312 3228; x_wconf 89' lang='lat' dir='ltr'><strong>et</strong></span> 
     </span>
     <span class='ocr_line' id='line_1_28' title="bbox 212 3252 1310 3351; baseline 0.003 -26"><span class='ocrx_word' id='word_1_193' title='bbox 212 3252 336 3326; x_wconf 86' lang='lat' dir='ltr'><strong>eadem</strong></span> <span class='ocrx_word' id='word_1_194' title='bbox 360 3255 400 3324; x_wconf 89' lang='lat' dir='ltr'><strong>ui</strong></span> <span class='ocrx_word' id='word_1_195' title='bbox 420 3253 527 3326; x_wconf 88' lang='lat' dir='ltr'><strong>lallor</strong></span> <span class='ocrx_word' id='word_1_196' title='bbox 549 3252 709 3344; x_wconf 89' lang='lat' dir='ltr'><strong>ratione,</strong></span> <span class='ocrx_word' id='word_1_197' title='bbox 751 3254 802 3324; x_wconf 88' lang='lat' dir='ltr'><strong>ita</strong></span> <span class='ocrx_word' id='word_1_198' title='bbox 826 3264 867 3325; x_wconf 90' lang='lat' dir='ltr'><strong>ut</strong></span> <span class='ocrx_word' id='word_1_199' title='bbox 889 3252 1052 3324; x_wconf 82' lang='lat' dir='ltr'><strong>Minerva</strong></span> <span class='ocrx_word' id='word_1_200' title='bbox 1082 3264 1119 3326; x_wconf 90' lang='lat' dir='ltr'><strong>et</strong></span> <span class='ocrx_word' id='word_1_201' title='bbox 1138 3253 1310 3351; x_wconf 82' lang='lat' dir='ltr'><strong>Lapithis</strong></span> 
     </span>
     <span class='ocr_line' id='line_1_29' title="bbox 211 3353 1309 3452; baseline 0.001 -24"><span class='ocrx_word' id='word_1_202' title='bbox 211 3355 331 3429; x_wconf 75' lang='lat' dir='ltr'><strong>faveat</strong></span> <span class='ocrx_word' id='word_1_203' title='bbox 367 3363 404 3429; x_wconf 90' lang='lat' dir='ltr'><strong>et</strong></span> <span class='ocrx_word' id='word_1_204' title='bbox 428 3355 601 3446; x_wconf 82' lang='lat' dir='ltr'><strong>Herculi,</strong></span> <span class='ocrx_word' id='word_1_205' title='bbox 651 3355 749 3426; x_wconf 80' lang='lat' dir='ltr'><strong>Mars</strong></span> <span class='ocrx_word' id='word_1_206' title='bbox 781 3379 867 3427; x_wconf 83' lang='lat' dir='ltr'><strong>vero</strong></span> <span class='ocrx_word' id='word_1_207' title='bbox 893 3367 929 3427; x_wconf 96' lang='lat' dir='ltr'><strong>et</strong></span> <span class='ocrx_word' id='word_1_208' title='bbox 947 3353 1070 3452; x_wconf 72' lang='lat' dir='ltr'><strong>Cycno</strong></span> <span class='ocrx_word' id='word_1_209' title='bbox 1090 3367 1128 3428; x_wconf 90' lang='lat' dir='ltr'><strong>et</strong></span> <span class='ocrx_word' id='word_1_210' title='bbox 1147 3356 1309 3429; x_wconf 81' lang='lat' dir='ltr'><strong>Centau·</strong></span> 
     </span>
     <span class='ocr_line' id='line_1_30' title="bbox 210 3454 1309 3556; baseline 0.001 -25"><span class='ocrx_word' id='word_1_211' title='bbox 210 3460 278 3534; x_wconf 86' lang='lat' dir='ltr'><strong>ris.</strong></span> <span class='ocrx_word' id='word_1_212' title='bbox 354 3454 428 3531; x_wconf 88' lang='lat' dir='ltr'><strong>Sed</strong></span> <span class='ocrx_word' id='word_1_213' title='bbox 458 3455 677 3528; x_wconf 84' lang='lat' dir='ltr'><strong>luculentius</strong></span> <span class='ocrx_word' id='word_1_214' title='bbox 710 3456 788 3531; x_wconf 88' lang='lat' dir='ltr'><strong>eius</strong></span> <span class='ocrx_word' id='word_1_215' title='bbox 826 3457 879 3528; x_wconf 89' lang='lat' dir='ltr'><strong>rei</strong></span> <span class='ocrx_word' id='word_1_216' title='bbox 913 3454 1116 3556; x_wconf 86' lang='lat' dir='ltr'><strong>exemplum</strong></span> <span class='ocrx_word' id='word_1_217' title='bbox 1147 3457 1309 3532; x_wconf 87' lang='lat' dir='ltr'><strong>Perseus</strong></span> 
     </span>
     <span class='ocr_line' id='line_1_31' title="bbox 210 3556 1308 3659; baseline 0.002 -27"><span class='ocrx_word' id='word_1_218' title='bbox 210 3571 286 3652; x_wconf 86' lang='lat' dir='ltr'><strong>cst,</strong></span> <span class='ocrx_word' id='word_1_219' title='bbox 337 3584 492 3659; x_wconf 89' lang='lat' dir='ltr'><strong>proavus</strong></span> <span class='ocrx_word' id='word_1_220' title='bbox 518 3558 704 3648; x_wconf 84' lang='lat' dir='ltr'><strong>Herculis,</strong></span> <span class='ocrx_word' id='word_1_221' title='bbox 757 3559 821 3655; x_wconf 93' lang='lat' dir='ltr'><strong>qui</strong></span> <span class='ocrx_word' id='word_1_222' title='bbox 848 3559 939 3630; x_wconf 89' lang='lat' dir='ltr'><strong>haue</strong></span> <span class='ocrx_word' id='word_1_223' title='bbox 965 3556 1012 3631; x_wconf 88' lang='lat' dir='ltr'><strong>oh</strong></span> <span class='ocrx_word' id='word_1_224' title='bbox 1040 3583 1200 3629; x_wconf 87' lang='lat' dir='ltr'><strong>caussam</strong></span> <span class='ocrx_word' id='word_1_225' title='bbox 1226 3585 1308 3634; x_wconf 90' lang='lat' dir='ltr'><strong>nou</strong></span> 
     </span>
     <span class='ocr_line' id='line_1_32' title="bbox 210 3654 1304 3750; baseline 0 -17"><span class='ocrx_word' id='word_1_226' title='bbox 210 3663 388 3735; x_wconf 88' lang='lat' dir='ltr'><strong>immerito</strong></span> <span class='ocrx_word' id='word_1_227' title='bbox 414 3660 484 3733; x_wconf 88' lang='lat' dir='ltr'><strong>sihi</strong></span> <span class='ocrx_word' id='word_1_228' title='bbox 517 3659 633 3734; x_wconf 88' lang='lat' dir='ltr'><strong>locum</strong></span> <span class='ocrx_word' id='word_1_229' title='bbox 669 3660 708 3730; x_wconf 89' lang='lat' dir='ltr'><strong>in</strong></span> <span class='ocrx_word' id='word_1_230' title='bbox 739 3654 808 3730; x_wconf 91' lang='lat' dir='ltr'><strong>hoc</strong></span> <span class='ocrx_word' id='word_1_231' title='bbox 832 3658 942 3731; x_wconf 88' lang='lat' dir='ltr'><strong>Scuto</strong></span> <span class='ocrx_word' id='word_1_232' title='bbox 967 3657 1181 3750; x_wconf 79' lang='lat' dir='ltr'><strong>vindicavit,</strong></span> <span class='ocrx_word' id='word_1_233' title='bbox 1226 3659 1304 3734; x_wconf 77' lang='lat' dir='ltr'><strong>cfr.</strong></span> 
     </span>
     <span class='ocr_line' id='line_1_33' title="bbox 208 3756 1307 3859; baseline 0.001 -24"><span class='ocrx_word' id='word_1_234' title='bbox 208 3763 339 3838; x_wconf 85' lang='lat' dir='ltr'><strong>lluinr.</strong></span> <span class='ocrx_word' id='word_1_235' title='bbox 358 3764 559 3836; x_wconf 77' lang='lat' dir='ltr'><strong>comment.</strong></span> <span class='ocrx_word' id='word_1_236' title='bbox 579 3787 617 3858; x_wconf 92' lang='lat' dir='ltr'><strong>p.</strong></span> <span class='ocrx_word' id='word_1_237' title='bbox 629 3756 719 3832; x_wconf 87' lang='grc'><strong>168.</strong></span> <span class='ocrx_word' id='word_1_238' title='bbox 774 3761 893 3859; x_wconf 80' lang='lat' dir='ltr'><strong>Atque</strong></span> <span class='ocrx_word' id='word_1_239' title='bbox 916 3761 1051 3859; x_wconf 88' lang='lat' dir='ltr'><strong>inipso</strong></span> <span class='ocrx_word' id='word_1_240' title='bbox 1072 3762 1229 3834; x_wconf 87' lang='lat' dir='ltr'><strong>carmine</strong></span> <span class='ocrx_word' id='word_1_241' title='bbox 1244 3764 1307 3836; x_wconf 91' lang='lat' dir='ltr'><strong>in·</strong></span> 
     </span>
     <span class='ocr_line' id='line_1_34' title="bbox 209 3858 1118 3962; baseline -0.008 -22"><span class='ocrx_word' id='word_1_242' title='bbox 209 3877 265 3940; x_wconf 92' lang='lat' dir='ltr'><strong>est</strong></span> <span class='ocrx_word' id='word_1_243' title='bbox 290 3865 413 3962; x_wconf 90' lang='lat' dir='ltr'><strong>stirpis</strong></span> <span class='ocrx_word' id='word_1_244' title='bbox 437 3862 546 3936; x_wconf 88' lang='lat' dir='ltr'><strong>huius</strong></span> <span class='ocrx_word' id='word_1_245' title='bbox 575 3864 887 3954; x_wconf 85' lang='lat' dir='ltr'><strong>commemoratio,</strong></span> <span class='ocrx_word' id='word_1_246' title='bbox 939 3887 993 3933; x_wconf 83' lang='lat' dir='ltr'><strong>vs.</strong></span> <span class='ocrx_word' id='word_1_247' title='bbox 1021 3858 1118 3934; x_wconf 79' lang='lat'><strong>507.</strong></span> 
     </span>
    </p>

    <p class='ocr_par' dir='ltr' id='par_1_6' title="bbox 206 3963 1304 4575">
     <span class='ocr_line' id='line_1_35' title="bbox 310 3963 1304 4065; baseline 0.001 -26"><span class='ocrx_word' id='word_1_248' title='bbox 310 3966 413 4061; x_wconf 82' lang='lat' dir='ltr'><strong>Quae</strong></span> <span class='ocrx_word' id='word_1_249' title='bbox 437 3991 548 4065; x_wconf 89' lang='lat' dir='ltr'><strong>quum</strong></span> <span class='ocrx_word' id='word_1_250' title='bbox 573 3965 622 4036; x_wconf 84' lang='lat' dir='ltr'><strong>itu</strong></span> <span class='ocrx_word' id='word_1_251' title='bbox 648 3965 742 4054; x_wconf 90' lang='lat' dir='ltr'><strong>sint,</strong></span> <span class='ocrx_word' id='word_1_252' title='bbox 784 3963 1013 4037; x_wconf 78' lang='lat' dir='ltr'><strong>verisimilis</strong></span> <span class='ocrx_word' id='word_1_253' title='bbox 1048 3974 1104 4035; x_wconf 90' lang='lat' dir='ltr'><strong>est</strong></span> <span class='ocrx_word' id='word_1_254' title='bbox 1137 3973 1304 4040; x_wconf 81' lang='lat' dir='ltr'><strong>veterum</strong></span> 
     </span>
     <span class='ocr_line' id='line_1_36' title="bbox 207 4062 1304 4264; baseline 0.004 -26"><span class='ocrx_word' id='word_1_255' title='bbox 207 4062 1304 4264; x_wconf 59' lang='lat' dir='ltr'><strong>{tet⁰stlttnssttttttftttttt‚thhlltt</strong></span> 
     </span>
     <span class='ocr_line' id='line_1_37' title="bbox 206 4266 1303 4366; baseline 0.004 -25"><span class='ocrx_word' id='word_1_256' title='bbox 206 4267 235 4341; x_wconf 85' lang='lat' dir='ltr'><strong>l.</strong></span> <span class='ocrx_word' id='word_1_257' title='bbox 263 4266 291 4337; x_wconf 90' lang='grc'><strong>1.</strong></span> <span class='ocrx_word' id='word_1_258' title='bbox 325 4296 362 4365; x_wconf 92' lang='lat' dir='ltr'><strong>p.</strong></span> <span class='ocrx_word' id='word_1_259' title='bbox 383 4267 477 4343; x_wconf 85' lang='grc'><strong>199.</strong></span> <span class='ocrx_word' id='word_1_260' title='bbox 544 4269 639 4342; x_wconf 89' lang='lat' dir='ltr'><strong>Nam</strong></span> <span class='ocrx_word' id='word_1_261' title='bbox 673 4272 711 4340; x_wconf 90' lang='lat' dir='ltr'><strong>in</strong></span> <span class='ocrx_word' id='word_1_262' title='bbox 737 4269 896 4341; x_wconf 87' lang='lat' dir='ltr'><strong>Homero</strong></span> <span class='ocrx_word' id='word_1_263' title='bbox 938 4266 1083 4366; x_wconf 88' lang='lat' dir='ltr'><strong>quidem</strong></span> <span class='ocrx_word' id='word_1_264' title='bbox 1118 4267 1211 4340; x_wconf 90' lang='lat' dir='ltr'><strong>nihil</strong></span> <span class='ocrx_word' id='word_1_265' title='bbox 1242 4283 1303 4345; x_wconf 89' lang='lat' dir='ltr'><strong>est</strong></span> 
     </span>
     <span class='ocr_line' id='line_1_38' title="bbox 207 4368 1301 4471; baseline 0 -27"><span class='ocrx_word' id='word_1_266' title='bbox 207 4370 278 4444; x_wconf 90' lang='lat' dir='ltr'><strong>nisi</strong></span> <span class='ocrx_word' id='word_1_267' title='bbox 303 4370 430 4443; x_wconf 86' lang='lat' dir='ltr'><strong>inlelix</strong></span> <span class='ocrx_word' id='word_1_268' title='bbox 454 4373 557 4444; x_wconf 89' lang='lat' dir='ltr'><strong>lusus</strong></span> <span class='ocrx_word' id='word_1_269' title='bbox 581 4372 739 4471; x_wconf 80' lang='lat' dir='ltr'><strong>ingenii,</strong></span> <span class='ocrx_word' id='word_1_270' title='bbox 838 4368 936 4442; x_wconf 76' lang='lat' dir='ltr'><strong>odA</strong></span> <span class='ocrx_word' id='word_1_271' title='bbox 962 4368 1062 4441; x_wconf 80' lang='lat' dir='ltr'><strong>ullius</strong></span> <span class='ocrx_word' id='word_1_272' title='bbox 1077 4369 1301 4470; x_wconf 73' lang='lat' dir='ltr'><strong>Corcyraeos</strong></span> 
     </span>
     <span class='ocr_line' id='line_1_39' title="bbox 208 4396 1300 4575; baseline -0.001 -27"><span class='ocrx_word' id='word_1_273' title='bbox 208 4471 444 4571; x_wconf 81' lang='lat' dir='ltr'><strong>excogitavit,</strong></span> <span class='ocrx_word' id='word_1_274' title='bbox 477 4473 595 4575; x_wconf 75' lang='lat' dir='ltr'><strong>Heyu.</strong></span> <span class='ocrx_word' id='word_1_275' title='bbox 617 4471 687 4545; x_wconf 90' lang='grc'><strong>1.1.</strong></span> <span class='ocrx_word' id='word_1_276' title='bbox 716 4465 794 4571; x_wconf 71' lang='lat' dir='ltr'><strong>pt</strong></span> <span class='ocrx_word' id='word_1_277' title='bbox 823 4467 861 4564; x_wconf 87' lang='grc'><strong>7,</strong></span> <span class='ocrx_word' id='word_1_278' title='bbox 896 4396 1006 4546; x_wconf 63' lang='lat' dir='ltr'><strong>uelles</strong></span> <span class='ocrx_word' id='word_1_279' title='bbox 1031 4466 1120 4543; x_wconf 86' lang='lat' dir='ltr'><strong>duas</strong></span> <span class='ocrx_word' id='word_1_280' title='bbox 1144 4496 1164 4545; x_wconf 89' lang='lat' dir='ltr'><strong>a</strong></span> <span class='ocrx_word' id='word_1_281' title='bbox 1190 4484 1300 4569; x_wconf 86' lang='lat' dir='ltr'><strong>poeta</strong></span> 
     </span>
    </p>
   </div>
   <div class='ocr_carea' id='block_1_5' title="bbox 0 0 1526 5264">
    <p class='ocr_par' dir='ltr' id='par_1_7' title="bbox 0 0 1526 5264">
     <span class='ocr_line' id='line_1_40' title="bbox 0 0 1526 5264; baseline 0 3"><span class='ocrx_word' id='word_1_282' title='bbox 0 0 1526 5264; x_wconf 95' lang='lat' dir='ltr'><strong> </strong></span> 
     </span>
    </p>
   </div>
  </div>
 </body>
</html>
