3044 5264
209 421 292 502 350
525 427 746 508 ΙΜΙΤΑΤΙΟ
780 427 980 506 Hostum.

208 634 317 707 vovit.
373 633 416 705 ln
439 629 677 733 descriptione
695 635 790 706 enim
812 630 914 706 urbis
932 639 1092 730 pacatae,
1117 627 1186 705 ubi
1208 660 1321 733 pom·

208 762 291 835 pam
310 735 506 832 nuptialem
526 761 570 807 ex
594 735 753 808 Homero
778 735 967 831 surripuit,
993 759 1106 832 paeuc
1133 735 1240 808 nibil
1266 749 1322 811 ta·

208 861 292 911 meu
311 837 354 908 de
369 838 523 936 siugulis
543 836 664 909 verbis
680 840 847 933 sumpsit,
870 836 969 909 bisce
992 838 1150 932 exceptis
1175 871 1191 904 ι
1205 844 1323 928 πολὺς

209 941 244 1014 δ’
264 941 422 1033 ὑμέναιος
446 939 586 1037 ὀρώρετι
615 935 930 1031 11.XVltl,d95,
955 934 1121 1011 Sc27ll.
1180 942 1320 1016 Altera

208 1043 360 1112 veroin
385 1041 495 1130 urbe,
546 1037 610 1111 ubi
640 1045 754 1138 ipsam
786 1064 942 1138 pugnam
968 1041 1076 1139 louge
1101 1041 1320 1138 simplicius

209 1151 247 1217 ot
276 1140 324 1212 ad
359 1142 445 1214 artis
481 1139 580 1241 loges
613 1141 910 1214 accommodatius
943 1150 1105 1230 enarrat,
1160 1169 1211 1216 ue
1251 1147 1318 1218 tali

210 1242 358 1344 quidem
383 1267 509 1314 versus
533 1243 707 1340 particula
734 1269 822 1317 usus
843 1255 921 1336 est,
961 1241 1026 1315 sed
1050 1268 1142 1341 quae
1168 1244 1315 1320 Home·

209 1371 274 1418 rus
303 1342 462 1417 breviter
489 1343 534 1416 dc
555 1344 702 1434 sepibus
725 1358 762 1418 et
783 1346 926 1417 leminis
948 1371 1091 1417 murum
1117 1346 1316 1420 tuentibus

211 1445 369 1536 dixerat,
413 1470 468 1517 vs.
493 1442 575 1516 514
599 1459 635 1519 ct
655 1444 754 1539 515,
795 1473 837 1519 ea
862 1446 1027 1544 pluribus
1052 1445 1222 1520 versibus
1249 1476 1314 1522 ex·

211 1549 376 1637 ornavit,
413 1571 466 1619 vs.
497 1544 580 1618 242
598 1545 770 1642 -2483
817 1558 852 1621 et
877 1548 1011 1619 multus
1043 1559 1099 1620 est
1124 1549 1314 1646 imprimis

210 1651 251 1722 in
284 1650 471 1721 numinum
498 1647 711 1722 terribilium
740 1649 1000 1747 descriptione,
1050 1675 1143 1746 quae
1169 1655 1314 1750 pugnis

211 1750 413 1850 praesidere
436 1749 685 1824 credebantur.
742 1752 820 1823 Hoc
842 1777 915 1823 uno
938 1777 982 1823 ex
1005 1749 1169 1849 exemplo
1187 1755 1313 1826 omnis

211 1855 267 1925 rei
303 1854 395 1925 ratio
429 1854 600 1950 patescit,
656 1855 863 1952 quicunque
908 1852 1047 1951 reliqua
1093 1852 1310 1946 contulerit,

212 1953 362 2027 eandem
387 1951 523 2053 ubique
545 1955 639 2026 viam
665 1954 734 2027 sibi
761 1966 901 2053 poetam
922 1956 1073 2053 elegisse
1093 1957 1309 2052 perspiciet.

189 2055 268 2132 ¹lta
315 2080 484 2128 oceanum
536 2068 689 2155 uterque
739 2057 1051 2150 commemoravit,
1121 2056 1313 2132 Homerus

212 2156 487 2255 simplicissimis
513 2156 653 2247 verbis,

312 2259 368 2332 Ἕν
393 2263 426 2330 δ’
454 2267 560 2333 ἐτίθει
580 2271 746 2354 ποταμοῖο
772 2272 858 2352 μέγα
885 2267 1010 2346 σθένος
1027 2259 1205 2336 Ὠκεανοῖο

318 2359 444 2452 ἄντυγα
468 2361 534 2458 πὰρ
559 2361 712 2454 πυμάτην
736 2362 853 2446 σάκεος
877 2361 964 2436 πύκα
984 2372 1150 2452 ποιητοῖο.
1242 2384 1245 2391 ’

215 2457 395 2531 Hesiodus
428 2457 629 2559 elegantius

319 2567 409 2660 ἀμφὶ
432 2561 465 2636 δ’
494 2568 565 2636 ἴτυν
585 2563 657 2658 ῥέον
675 2565 832 2650 Ὠκεανὸς
851 2563 1019 2654 πλήθοντι
1039 2563 1162 2650 ἐοικώς,

318 2670 386 2737 πᾶν
410 2671 445 2736 δὲ
468 2675 589 2757 συνεῖχε
611 2668 712 2752 σάκος
730 2673 988 2740 πολυδαίδαλον·
1015 2675 1048 2740 ol
1064 2673 1098 2739 δὲ
1112 2665 1185 2740 κατ’
1204 2668 1315 2742 αὐτόν

320 2765 431 2839 κύκνοι
454 2764 646 2862 ἀερσιπόται
668 2768 782 2859 μεγάλ’
810 2769 932 2857 ἤπυον,
971 2769 1007 2840 oi'
1027 2767 1070 2864 poi
1093 2799 1131 2861 γε
1149 2778 1277 2843 πολλοὶ

317 2875 417 2960 νῆχον
436 2867 487 2939 ἐπ’
515 2867 617 2963 ἄκρον
639 2866 742 2964 ὕδωρ·
767 2871 834 2966 πὰρ
860 2874 892 2939 d’
920 2870 1034 2962 ἰχθύες
1055 2877 1259 2944 ἐκλονέοντο.

216 2962 401 3038 Habemus
423 2967 534 3065 igitur
555 2969 787 3058 imitatorem,
822 2993 975 3065 eumque
995 2980 1152 3065 tempore
1179 2973 1310 3044 viven-

216 3079 309 3156 tem,
359 3092 431 3165 quo
457 3069 664 3165 simplicitas
689 3072 838 3167 pristina
862 3081 1015 3141 mentem
1049 3069 1201 3143 delinire
1234 3073 1309 3145 iam

217 3167 388 3257 desierat,
440 3195 512 3266 quo
547 3196 665 3242 rerum
701 3197 871 3242 novarum
907 3169 1064 3242 studium
1095 3181 1130 3242 et
1155 3185 1309 3246 ornatus

216 3270 349 3340 nimius
374 3267 511 3367 aliquid
540 3271 659 3345 valere
690 3272 922 3363 videbantur,
976 3298 1048 3371 quo
1083 3299 1195 3371 quum
1230 3300 1309 3346 non

217 3368 264 3442 ad
288 3371 460 3466 optimum
491 3370 582 3442 illud
615 3384 652 3443 et
672 3373 968 3470 perfectissimum
996 3397 1111 3473 genus
1136 3373 1308 3448 accedere

217 3482 384 3571 possent,
432 3475 502 3544 iam
534 3474 744 3546 calamistris
778 3477 921 3547 inurere
957 3473 1157 3565 audebant,
1210 3501 1308 3574 quac

218 3600 264 3646 ex
290 3572 449 3646 feliciore
478 3585 589 3647 aetate
618 3589 838 3674 acceperant.
902 3575 1014 3650 Nulla
1039 3602 1084 3648 ex
1106 3586 1205 3673 parte
1230 3576 1307 3649 cla·

217 3676 295 3748 rius
320 3673 390 3747 boo
408 3675 537 3769 elucet,
562 3703 668 3775 quam
690 3706 736 3751 cx
753 3678 989 3776 descriptione
1009 3703 1152 3775 pugnae
1171 3678 1305 3773 ipsius,

219 3801 312 3876 quae
340 3778 506 3876 ipseper
535 3804 573 3851 se
604 3780 755 3877 simplex
782 3793 818 3853 et
846 3807 891 3853 ex
915 3780 1115 3851 Homericis
1136 3779 1308 3850 carmini·

218 3877 288 3951 bus
310 3877 518 3976 desumpta,
565 3891 698 3953 tanum
723 3881 832 3954 babet
854 3883 1046 3980 imaginum
1070 3878 1219 3971 molem,
1264 3884 1309 3953 ut

219 3993 315 4053 recte
342 3980 571 4054 Heinrichius
594 3982 638 4054 iis
664 3987 778 4084 magis
813 3986 953 4056 onerari
981 4007 1147 4071 carmen,
1195 4007 1309 4079 quam

220 4084 340 4155 ornari
365 4081 529 4156 edixerit.
582 4082 718 4156 Verum
741 4086 884 4185 quidem
909 4095 986 4175 est,
1024 4082 1138 4154 videri
1161 4107 1204 4155 eo
1223 4081 1309 4156 loco

219 4181 342 4280 plures
366 4211 492 4258 versus
512 4183 603 4256 male
627 4198 663 4258 et
688 4213 733 4259 ex
754 4186 1025 4282 interpolatione
1042 4183 1181 4257 additos
1200 4208 1307 4255 esse:

220 4282 284 4354 sed
310 4311 372 4359 cos
398 4291 504 4360 etiam
533 4288 564 4357 si
590 4289 747 4381 eximas,
795 4297 904 4358 restat
928 4299 1047 4361 tamen
1073 4286 1215 4383 farrago
1239 4281 1308 4356 ba·

220 4410 301 4458 rum
337 4387 565 4480 facetiarum,
626 4416 717 4489 quac
751 4386 850 4460 nulla
885 4390 922 4459 vi
954 4390 1129 4462 removeri
1169 4396 1306 4483 potest.

222 4485 350 4590 Neque
379 4488 511 4591 aliquis
542 4491 616 4564 vim
651 4488 818 4565 adbibere
844 4485 912 4560 boc
945 4491 986 4562 in
1012 4500 1115 4587 poeto
1142 4484 1307 4582 audebit,
