3044 5264
210 435 294 512 ισυ
478 439 755 553 Ansnnnnns
786 437 1009 516 onmem.

156 717 162 728 ,
209 647 253 719 ln
282 645 362 718 BD
389 656 441 719 est
466 629 650 733 συνώσειν,
671 643 767 744 quod
794 641 964 715 exhibent
986 634 1072 711 All.
1102 639 1160 710 ln.
1185 635 1224 709 l.
1246 634 1287 708 2.

209 752 307 821 Fons.
336 738 427 821 Bon.
464 747 570 820 δυσίν.
645 747 689 817 ln
726 746 804 826 ltt.
820 746 973 835 δήϊάσειν.
1023 741 1161 847 δῃώσειν
1195 755 1291 814 reete

208 851 314 948 primi
335 851 426 950 Bog.
456 859 491 921 et
516 848 641 946 Steph.

184 944 192 962 ’
307 952 372 1026 διπό
397 954 513 1046 κλυτὰ]
539 952 623 1038 cino,
658 950 758 1025 κλυτὰ
782 946 862 1022 CS.
915 948 1084 1022 ἆπσιιλντιί
1106 944 1140 1017 V
1160 944 1288 1016 Trinc.

209 1052 377 1127 όπόκλυτα
401 1051 433 1123 l.
490 1089 492 1094 ·
614 1101 624 1127 ι

308 1154 432 1253 δύσειν]
457 1153 571 1228 δώσειν
595 1152 640 1225 L.

135 1338 141 1359 x
308 1251 372 1325 68.
426 1255 601 1349 εὐχωλέων]
627 1254 781 1351 εὐχυλίαν
806 1247 1119 1325 ACEFImNS
1146 1261 1291 1346 propter

209 1381 327 1426 rerum
354 1357 595 1443 metricorum,
623 1358 763 1453 opinor,
801 1354 1026 1452 imperitiam.
1066 1353 1228 1445 εὐχωλέων
1253 1351 1290 1419 io

208 1457 357 1552 reliquis
381 1453 503 1546 libris,
551 1467 593 1527 ut
625 1455 677 1545 li,
716 1468 752 1529 et
776 1455 917 1528 disertis
942 1452 1061 1526 verbis
1087 1477 1144 1548 ap.
1174 1450 1211 1522 d.
1240 1495 1292 1508 —

209 1556 340 1628 Eadem
373 1556 606 1649 constructio,
651 1556 722 1630 0d.
743 1558 810 1650 lV,
835 1553 930 1648 767,
968 1558 1036 1630 θεοί
1065 1562 1155 1655 ,δίοί
1182 1560 1292 1628 ἔκλυεν

211 1693 233 1732 α
253 1693 301 1748 υς·
941 1714 943 1721 ·

233 1694 251 1756 ρ
309 1765 412 1859 ἔκλυε]
442 1765 551 1834 ἔκλυσε
582 1758 676 1831 CM.
729 1765 818 1835 ἔκλυε
850 1759 1053 1855 saepissime
1089 1782 1148 1853 op.
1177 1755 1285 1826 llom.

211 1858 311 1953 Quae
336 1860 448 1932 schol.
475 1859 620 1931 Pindari
644 1860 690 1933 ed
714 1858 932 1951 01.x1‚19
955 1857 1111 1929 Boeelh.
1139 1882 1184 1928 ex
1209 1856 1288 1928 Ste-

209 1960 350 2032 sichoro
372 1963 566 2032 enarravit:
605 1963 811 2058 »ἐμαχέσατο
848 1970 882 2036 δὲ
914 1964 1099 2057 Ἡρακλῆς,
1146 1959 1200 2033 ίίτι
1230 1991 1287 2032 κα-

209 2063 337 2148 κόξενος
360 2057 402 2152 ἦν
423 2063 568 2148 Κύκνος,
594 2065 665 2150 υίὸς
690 2071 751 2139 τοῦ
772 2065 905 2157 Ἕριος,
935 2075 991 2136 καί
1012 2067 1047 2136 ἐν
1070 2061 1204 2158 παρόδῳ
1230 2068 1289 2148 τῆς

213 2169 388 2248 Θετταλίας
425 2165 520 2236 οἰκῶν
555 2163 794 2260 ίιπικαρατόμιι
834 2168 912 2250 τοὺς
952 2163 1132 2260 παριόντας
1171 2168 1288 2249 ξένους,

208 2266 292 2336 ναόν
314 2272 360 2359 τῷ
381 2263 619 2337 Ἀπόλλωνι
650 2265 849 2358 βουλόμενος
871 2271 905 2339 ἐκ
931 2272 996 2338 τῶν
1019 2271 1169 2359 κεφαλῶν
1202 2266 1289 2336 οίκο·

210 2370 370 2455 δομῆσαι,
403 2374 458 2437 καὶ
482 2364 572 2462 αὐτῷ
600 2364 753 2460 παριόντι
778 2365 1006 2456 ίπιβσυλεῦσαι
1026 2366 1204 2452 illinon«
1235 2365 1288 2432 vl·

156 2476 159 2482 '
210 2465 261 2533 tio
288 2461 509 2560 pessumdata
536 2453 613 2536 oss'e
646 2476 682 2537 et
705 2465 867 2563 llepnius
891 2464 1067 2537 intellexit
1095 2475 1130 2535 et
1155 2464 1288 2535 Bosol-

209 2562 305 2635 hius.
363 2566 463 2663 Ἀρει
487 2555 712 2638 scribendum
733 2575 801 2638 est.
853 2567 999 2637 »Petri
1025 2591 1069 2636 ex
1091 2567 1288 2640 occisorum

211 2664 385 2761 capitibus
411 2667 580 2762 templum
605 2677 895 2759 exstructos-ns„
920 2669 990 2739 iam
1017 2666 1215 2755 Damius,
1243 2665 1289 2738 od

213 2765 317 2836 Pind.
341 2767 368 2837 l.
388 2765 415 2836 l.
445 2793 482 2863 p.
498 2763 590 2837 268.
642 2767 822 2865 Apollinis
841 2769 1123 2841 commemoratio
1145 2778 1290 2866 propter

212 2868 330 2938 lucum
357 2868 434 2939 eius
460 2868 551 2940 lacte
579 2879 646 2940 est.

309 2965 374 3038 69.
428 2970 580 3041 Versum
603 2995 676 3040 om.
697 2968 748 3060 L,
783 2971 920 3042 incuria
945 2971 1101 3059 scribae,
1127 2981 1169 3043 ut
1192 2982 1287 3046 recte

210 3070 326 3140 visum
350 3068 505 3140 Wolfio.
525 3113 577 3168 ‘.“
623 3073 824 3171 Ἡρακλείην
846 3072 970 3141 vitiose
996 3070 1150 3142 EFlm.

312 3165 377 3239 70.
432 3170 550 3266 Etym,
579 3170 632 3241 M.
676 3197 714 3266 p.
738 3166 838 3261 646,
862 3166 916 3241 59
939 3195 1041 3268 seqq.
1093 3183 1289 3266 Παγασαίος

209 3275 337 3362 λέγεται
366 3270 383 3343 ό
414 3270 590 3346 Ἀπόλλων
624 3271 688 3345 ἆπδ
714 3271 893 3364 Παγοίσης·
922 3277 991 3349 ἔστι
1027 3280 1072 3361 δίΙ
1095 3276 1196 3368 τόπος
1229 3284 1290 3363 τῆς

213 3376 396 3457 Θεσσαλίας
418 3382 475 3444 καί
497 3375 603 3457 πόλις,
638 3374 729 3468 παρὰ
752 3376 789 3447 τό
817 3374 883 3448 iusi
901 3376 961 3465 τὴν
974 3376 1086 3468 'Aproi
1108 3383 1289 3469 πιπῆχθαι.

200 3472 374 3557 ,Ἡσίοδος
406 3479 439 3546 iv
468 3473 620 3548 Ἀσπίδι·
655 3480 732 3548 Πᾶν
756 3473 789 3546 δ’
818 3476 917 3560 ἄλσος
940 3485 996 3549 καί
1025 3478 1137 3567 βωμός
1161 3477 1289 3551 'Anot-

210 3581 313 3657 λωνος
337 3582 549 3665 Παγασαίου.
624 3572 760 3644 Versus
790 3585 928 3666 eutem,
961 3572 1157 3647 'Gaison-do
1183 3587 1287 3668 teste,

210 3671 311 3743 deest
344 3675 383 3744 in
416 3675 487 3746 llls.
517 3671 669 3748 Dorvill.
739 3674 784 3746 ln
806 3673 918 3746 schol.
947 3673 993 3746 od
1013 3674 1183 3772 Apollon.
1211 3675 1287 3747 Rls.

211 3773 251 3861 l,
281 3769 383 3871 258,
427 3773 490 3846 nbi
516 3774 559 3846 de
584 3775 726 3873 Pegasis
757 3800 872 3847 sermo
908 3786 981 3866 est,
1025 3775 1167 3849 additur
1197 3785 1291 3854 »ἔστι

212 3879 248 3945 δὲ
273 3874 308 3948 iv
330 3881 419 3974 αὐτῷ
440 3888 496 3950 καὶ
520 3885 721 3968 Παγασαίου
740 3876 952 3963 ’Λπόλλωνος
978 3881 1099 3974 ίερόν.«

269 3971 273 3981 ’
313 3971 375 4043 71.
429 3979 525 4075 ὑπαὶ]
558 3986 690 4048 ιιι-ουλε.
719 3977 840 4048 Wolf.
869 3977 1091 4072 praesnnov.
1111 3977 1287 4051 LXVlll.

213 4069 588 4148 Thiersch.G1-.Gr.
617 4074 674 4149 ed.
702 4075 759 4166 ll,
795 4103 832 4174 p.
854 4073 958 4169 214,
993 4105 1032 4150 n.
1054 4075 1121 4149 5.‹
1157 4079 1286 4151 llsinr.

210 4171 270 4247 ὑπ’
299 4177 337 4245 αἰ
360 4180 494 4248 notavit
519 4176 646 4250 lioelil.
675 4202 719 4249 ex
748 4175 841 4250 libro
867 4178 1027 4251 Parisino
1051 4182 1170 4253 neseio
1201 4204 1286 4276 quo.

311 4285 366 4348 καί
390 4277 510 4370 αὐτοῦ]
550 4289 605 4352 καί
639 4275 739 4350 deest
773 4280 812 4349 in
846 4279 925 4350 ΒΜ
961 4282 1019 4352 lu.
1044 4278 1082 4351 l.
1105 4278 1146 4351 2.
1186 4280 1287 4351 Fnrr.

212 4372 344 4464 Miror,
404 4373 501 4471 quod
535 4375 776 4475 Goettlingius
816 4381 919 4455 αὐτοῦ
954 4379 998 4454 de
1032 4381 1152 4479 Cycno
1187 4380 1291 4453 intel·

213 4471 312 4545 lexit.
367 4475 524 4548 Primum
557 4480 652 4550 enim
684 4490 788 4576 poete
821 4481 865 4554 (lo
890 4480 1012 4580 Cycno
1043 4495 1079 4555 et
1103 4483 1218 4555 Μανία
1244 4485 1291 4553 si-
