3044 5264
513 401 793 479 APPARATUS
825 401 1049 477 cnlrlcns.
1242 396 1319 470 185

333 605 376 680 ln
397 603 470 676 tine
496 630 620 676 versus
644 605 731 676 mire
757 608 875 677 omnia
902 606 1042 676 turbata
1071 604 1109 673 in
1136 600 1237 675 libris
1266 631 1319 676 re·

231 708 441 803 ponuntur-3
477 705 541 776 sed
565 733 635 778 una
663 732 746 803 prae
764 711 891 778 ceteris
918 707 1078 803 quaestio
1105 709 1318 798 necessaria,

232 821 349 880 utrum
374 810 480 906 φόνος
501 809 552 895 τ’,
586 835 633 880 an
658 813 767 908 φόβος
786 817 819 884 τ’
858 807 1086 880 scribendum
1112 809 1171 877 sit.
1217 813 1320 908 φόνος

229 938 286 1006 ap.
323 911 450 999 Diae,
499 921 623 983 testem
659 913 698 980 in
729 910 796 983 hoc
828 914 984 984 carmine
1014 910 1320 1008 antiquissimum⁷

229 1011 324 1107 apud
347 1038 453 1109 quem
480 1010 567 1084 haec
593 1024 648 1084 est
671 1014 936 1110 interpretatio:
973 1008 1015 1102 ἦν
1036 1022 1071 1087 δὲ
1088 1023 1122 1088 ἐν
1142 1020 1184 1112 τῇ
1204 1012 1320 1089 ἆσττίδι

227 1127 283 1187 καὶ
319 1117 472 1208 θόρυβος
512 1126 569 1188 καὶ
606 1117 754 1213 φόνος,
804 1128 860 1191 καὶ
897 1117 1055 1206 iustitiae
1087 1127 1142 1190 καὶ
1182 1114 1319 1208 ἐμάχετο

229 1213 312 1312 (ino
338 1225 398 1288 τοῦ
424 1226 523 1289 tato·
550 1218 589 1290 τό
619 1218 743 1307 κόπτω)
769 1218 790 1306 ἦ
819 1226 1056 1314 ἀνδροκτασὶα,
1082 1219 1183 1309 ἤγουν
1210 1217 1229 1289 ὁ
1256 1227 1320 1290 τῶν

228 1323 358 1414 ἀνδρῶν
381 1319 495 1418 φόνος.
547 1318 655 1390 Hune
682 1320 793 1416 igitur
819 1345 890 1389 uon
918 1318 1089 1409 offendit,
1129 1315 1226 1416 quod
1257 1319 1317 1417 φό·

227 1449 283 1504 νος
317 1428 353 1490 et
388 1421 609 1515 ἀνδροκτασίαι
654 1418 762 1490 simul
807 1431 1149 1493 commemorantur:
1209 1419 1317 1489 immo

227 1518 326 1589 brevi
361 1531 442 1590 aute
478 1522 607 1613 ὅμαδος
638 1532 674 1594 et
708 1523 866 1617 κόδσιμος
896 1549 967 1593 uua
1000 1522 1195 1620 eademque
1231 1546 1318 1591 voce

226 1620 405 1717 (θόρυβος)
445 1624 620 1716 patienter
646 1625 899 1719 interpretatus
924 1635 991 1695 cst.
1068 1622 1247 1694 Nonnulli
1273 1620 1315 1691 li·

224 1720 281 1791 lrri
316 1748 396 1793 cum
435 1724 594 1794 ltiaeono
632 1727 871 1815 conveniunt,
912 1724 1211 1814 BCGLOTV,
1253 1720 1318 1794 sed

224 1825 328 1919 pauci
355 1826 433 1894 sine
460 1826 682 1920 corruptela3
727 1827 898 1922 scriptum
931 1829 1025 1896 onim
1059 1827 1165 1925 φόνος
1198 1832 1229 1897 τ’
1260 1826 1315 1896 ἆν-

224 1933 309 2021 δρῶν
334 1933 425 2020 ἀνδρ.
453 1927 490 1995 in
517 1926 760 2013 CGLOSV.
816 1929 924 1999 Teste
947 1927 1123 1999 iioehlero
1149 1927 1253 1998 etiam
1277 1927 1315 1995 in

224 2030 278 2115 A,
316 2026 377 2096 nbi
407 2053 500 2097 nune
527 2040 580 2098 est
605 2029 714 2125 φόβος
739 2036 774 2101 τ’
802 2030 1021 2123 ἇνδροκτασίη
1048 2062 1100 2114 τε,
1143 2025 1227 2098 olim
1253 2032 1316 2126 φό-

224 2131 469 2224 νοςεοτίρῑοω
493 2129 580 2214 fuit,
618 2156 729 2227 quum
755 2132 865 2226 φόβος
886 2134 923 2200 in
950 2130 1056 2202 litora
1081 2131 1141 2200 sit.
1197 2133 1315 2224 Atque

169 2236 175 2248 ‘
224 2254 437 2326 quamquam
466 2230 638 2301 ilatthaei
672 2230 761 2301 nihil
790 2231 900 2322 dixit,
947 2258 1018 2302 non
1044 2230 1168 2302 dubito
1197 2241 1315 2301 tamen

221 2329 416 2419 affirmare,
444 2334 549 2401 etiam
571 2334 607 2401 in
636 2333 666 2400 ii
692 2337 795 2436 φόνος
820 2332 907 2430 legi.
963 2335 1004 2403 1ο
1033 2331 1182 2429 reliquis
1204 2333 1314 2433 φόβος

223 2429 374 2528 legitur,
412 2443 452 2502 ut
475 2433 560 2503 Md.
592 2434 649 2503 1ο.
672 2430 709 2504 1.
730 2430 771 2504 2.
807 2435 910 2505 Bass.
939 2436 1027 2530 Bog.
1055 2432 1181 2530 Steph.
1209 2437 1310 2504 Com.

223 2533 348 2604 Heius.
379 2532 522 2630 reliqui.
584 2534 765 2624 Alterum,
803 2540 925 2631 φόνος,
963 2536 1189 2606 Hermaunus
1212 2558 1312 2629 prue-

160 2700 164 2705 .
223 2633 407 2704 l'ercudurn
436 2661 513 2706 esse
539 2637 588 2705 eit
615 2648 650 2706 et
687 2634 774 2706 alias
810 2635 856 2706 cb
889 2663 1054 2725 caussas,
1101 2644 1137 2706 et
1168 2637 1314 2730 propter

223 2736 368 2806 Homeri
392 2761 556 2828 versum,
600 2736 672 2807 Od.
697 2737 769 2825 Xl,
797 2733 893 2828 611,
927 2740 1061 2831 ὑσμῖναί
1092 2768 1127 2811 τε
1149 2738 1252 2830 μάχαν
1278 2735 1309 2806 τ’

221 2837 456 2932 ἀνδροκτασίαι
490 2871 543 2922 τε,
592 2837 749 2934 Opusee.
784 2836 812 2907 Ι.
838 2836 864 2910 l.
910 2865 948 2932 p.
979 2834 1067 2907 197.
1148 2834 1313 2908 Debebat

220 2937 288 3008 Vir
312 2964 471 3012 summus
505 2950 683 3036 praeterea
720 2938 766 3010 arl
796 2938 947 3011 Hesind.
984 2938 1126 3035 Tireog.
1167 2963 1202 3007 v.
1230 2932 1312 3006 228

218 3065 429 3135 provocare,
479 3041 541 3111 ubi
576 3051 678 3137 poeta
712 3042 905 3112 Homerum
939 3042 1116 3128 imitatus,
1164 3063 1311 3134 prorsus

221 3153 260 3212 ut
285 3140 322 3212 h.
346 3141 372 3211 l.
402 3141 447 3213 ‹lo
474 3141 694 3214 Nominibus
718 3168 918 3214 sermonem
944 3143 1118 3213 institnitr
1147 3143 1311 3234 »ὑσμίνας

217 3274 253 3316 τε
279 3245 404 3341 φόνους
429 3277 464 3318 τε
495 3246 603 3337 μάχας
634 3252 667 3318 τ’
704 3246 944 3343 ἀνδροκτασίας
967 3278 1045 3328 τοι,
1087 3241 1130 3315 de
1159 3268 1231 3340 quo
1256 3241 1305 3312 cl'.

216 3344 349 3415 Muetz.
379 3346 423 3416 de
450 3344 590 3416 emend.
621 3346 760 3444 Theog.
788 3372 826 3441 p.
847 3343 914 3415 19.
983 3348 1129 3418 itionum
1157 3346 1309 3414 imitato·

217 3447 266 3515 ris
292 3445 343 3517 ibi
370 3473 415 3519 ex
443 3448 717 3543 transpositione
742 3473 936 3544 agnoscas,
985 3474 1055 3545 qua
1091 3470 1182 3543 quae
1214 3442 1310 3539 apud

215 3546 324 3617 Hom.
360 3550 492 3643 optiroe
525 3548 716 3619 cohaerent
749 3550 883 3640 ὑσμίναν
917 3563 952 3622 et
981 3550 1103 3643 μόχατ,
1144 3547 1242 3647 φόνοι
1273 3554 1310 3614 ct

217 3655 452 3742 ἀνδροκτασίαι
470 3651 723 3746 seiunguntur.
778 3650 953 3722 Conferos
981 3662 1097 3720 nutem
1127 3657 1309 3742 praeterea

219 3745 264 3819 ΙΙ.
289 3746 469 3838 Χ1,161
494 3776 571 3848 seq.
641 3752 790 3848 ’Ἕκτορα
822 3751 854 3823 δ’
885 3753 920 3827 ἔκ
944 3760 1063 3846 βελέων
1087 3749 1193 3840 ὕπαγε
1217 3748 1307 3832 Ζεὺς,

215 3857 251 3925 ἔκ
279 3883 315 3924 τε
345 3865 473 3940 κονίης»
516 3860 552 3927 ἔκ
576 3853 608 3925 τ’
637 3859 892 3949 ἀνδροκτασίης,
937 3860 972 3928 ἕκ
997 3854 1039 3926 θ’
1069 3853 1230 3943 αἳματος,
1273 3854 1308 3922 ἔκ

214 3984 251 4026 τε
272 3961 448 4046 κυδοιμοῦ·
491 3955 553 4052 qui
590 3980 669 4025 eum
704 3953 816 4025 altero
849 3952 911 4024 iilo
937 3979 1043 4024 uersu
1070 3951 1262 4023 Homerico
1285 3976 1307 4020 a

215 4053 334 4125 Gellio
352 4054 543 4139 laudantur
559 4052 623 4152 (N.
634 4056 682 4124 A.
693 4055 802 4144 ΧΙΙΙ,
818 4050 888 4143 21,
902 4051 982 4153 16).
1024 4053 1074 4123 lta
1093 4053 1307 4146 scripturam

215 4156 335 4252 φόνος,
371 4158 430 4228 cui
467 4154 641 4225 Miillerns
677 4183 821 4253 qnoque
855 4155 968 4246 iavet,
1007 4152 1034 4224 Ι.
1059 4152 1085 4224 Ι.
1114 4147 1218 4243 881,
1266 4161 1307 4224 ut

216 4256 365 4328 Dioconi
403 4257 610 4328 auctoritate
655 4269 690 4328 ct
720 4258 870 4328 tlomori
912 4255 1074 4354 exempto
1121 4255 1304 4326 defensam

214 4359 452 4455 recipiendam
476 4358 588 4450 duco,
623 4384 836 4458 quamquam
864 4361 900 4429 in
927 4357 1107 4456 plerisque
1134 4355 1236 4428 libris
1255 4357 1303 4426 ita
