3044 5264
414 382 887 492 circumcisorum.
1111 405 1196 490 ,lor
1280 377 1285 388 '

103 614 204 695 *varia
230 615 364 687 inlerre
382 616 544 695 solerent
563 615 614 717 ¹);
667 640 784 715 neque
812 609 932 713 Etpm.
957 617 1010 687 Μ.
1043 615 1112 689 alia
1144 621 1198 692 iu·

106 716 218 787 veuit.
291 715 322 786 l.
346 714 397 787 Η.
427 716 577 790 Vossius
609 745 646 787 v.
672 715 753 789 295
784 727 819 794 ἐν
851 718 1011 816 ταλάροις
1043 717 1199 793 voluisse

106 815 271 905 videtur„
329 818 374 888 lu
412 843 448 888 v.
471 815 550 891 296
582 823 720 923 ἐφόρευν
753 821 841 920 siue·
867 819 1069 891 accusativo
1104 825 1198 918 posi·

106 930 183 992 tum
214 928 282 992 est.
856 956 862 970 ·

206 1031 299 1108 297.
351 1041 452 1115 κλντᾶ
484 1044 582 1140 ἔργα]
615 1037 805 1137 *pluralis
839 1064 1056 1138 quamquam
1093 1066 1199 1141 saepe

106 1150 319 1235 usurpatur,
344 1143 395 1212 ·h.
423 1139 450 1213 l.
480 1151 598 1212 tumen
623 1142 743 1212 minus
767 1150 871 1238 uptus
895 1151 963 1213 cst.
1147 1192 1150 1197 -

207 1251 299 1328 299.
352 1265 372 1304 *
386 1260 483 1332 llaec
508 1260 615 1331 nimis
640 1260 757 1357 turpia
772 1269 859 1330 sunt
882 1285 1096 1359 omnemque
1116 1253 1197 1334 scu·

107 1359 297 1431 lentiscum
323 1385 453 1434 uerum
486 1373 733 1459 corrumpunt.
787 1358 926 1432 Versus
951 1356 1031 1433 299
1061 1388 1107 1434 ex
1139 1388 1198 1434 su·

105 1460 246 1556 periore
272 1457 351 1533 loco
377 1458 486 1560 (282)
520 1462 612 1535 sorte
643 1461 715 1535 hue
746 1459 884 1534 delatus
910 1475 976 1536 est.
1031 1464 1200 1558 μελάνθη-

105 1592 170 1636 σαν
202 1560 330 1635 iuulile
357 1562 659 1658 additamentum
703 1560 840 1663 reliqua
867 1565 1108 1661 suspicionem
1139 1591 1198 1637 cu·

104 1688 168 1759 pm
200 1663 351 1759 positam
382 1663 613 1757 confirmant,
660 1690 734 1737 nou
769 1664 839 1736 nisi
873 1668 1041 1738 variatum
1075 1691 1199 1741 esseu

104 1773 208 1860 poeta
244 1767 453 1838 orationem.
481 1807 533 1823 --
582 1799 619 1860 γε
642 1778 703 1862 μὲν
735 1764 821 1857 huic
852 1762 991 1838 homini
1022 1765 1199 1863 expletive

105 1875 160 1937 cst
188 1864 363 1963 parlicula
397 1867 465 1940 cir.
490 1860 587 1938 209.
641 1867 718 1968 llos
743 1876 862 1939 autem
887 1868 920 1939 si
950 1894 1060 1940 uuum
1093 1867 1200 1943 modo

105 1991 247 2037 versum
274 1968 443 2040 eiecimus
477 1965 713 2066 (ὀβελίζομτν),
752 1993 825 2042 non
854 1966 1123 2042 adversabimur
1148 1980 1200 2041 la·

106 2067 208 2159 meu,
258 2070 290 2141 si
326 2069 388 2140 elii
419 2065 543 2167 plures
578 2068 717 2161 delere,
762 2067 831 2142 vel
856 2079 970 2144 totum
1012 2073 1199 2161 immutare

107 2178 268 2261 carmen,
296 2169 354 2243 vel
381 2171 527 2243 omuino
549 2198 680 2244 novum
698 2169 824 2242 malint
844 2196 1077 2271 componere,
1102 2171 1201 2272 quoii
1262 2244 1267 2255 ,

107 2296 179 2341 non
215 2272 322 2343 nimis
357 2283 412 2345 esl
452 2269 609 2349 difficile.
690 2272 884 2370 Praecipue
909 2274 1075 2372 equidem
1101 2292 1138 2345 u
1160 2300 1196 2346 v.

104 2368 184 2545 {96
219 2398 334 2473 usque
369 2400 406 2445 v.
429 2369 529 2445 500Ι
561 2377 678 2448 omniu
711 2376 813 2448 uncis
849 2375 1077 2468 incluseriui,
1128 2374 1196 2449 cir.

142 2485 229 2546 uret.

206 2588 304 2664 502.
357 2596 478 2698 λαγὸς]
503 2594 614 2667 lorino
634 2591 753 2666 dorica
771 2595 809 2665 in
832 2595 934 2693 cpico
955 2595 1111 2667 carmine
1138 2594 1199 2667 vix

106 2693 273 2787 ferenda3
320 2696 424 2796 quasi
449 2695 621 2768 voluisset
646 2706 748 2793 poete
777 2694 972 2769 Hesiodum
998 2695 1145 2768 imitari.
1168 2741 1171 2745 .

206 2806 305 2886 505.
357 2825 414 2890 καὶ
439 2804 681 2912 καρχαρόδοντε
712 2816 787 2889 κύνε
810 2816 893 2914 πρὸ]
927 2811 992 2911 πρό
1025 2814 1078 2887 sic
1105 2815 1198 2915 reie-

106 2925 201 2989 elum
226 2912 428 3013 paullulum
453 2913 499 2986 ub
526 2924 594 2986 usu
612 2911 805 3006 ¹abhorret,
838 2940 923 2986 veru
952 2925 1071 2988 temen
1093 2912 1199 2987 lectio

105 3016 260 3091 videtur.
315 3016 515 3088 Familiaris
540 3013 626 3088 olim
651 3016 854 3089 coniectum
886 3016 1001 3117 ἄνδρες
1026 3025 1199 3118 θηρευταί,

106 3123 165 3196 δύο
191 3152 227 3195 τε
250 3117 325 3195 κύνε
347 3118 591 3219 καρχαρόδοντε
615 3140 741 3214 perum
764 3116 909 3218 quidem
934 3114 1108 3209 modeste,
1136 3141 1198 3190 ne·

106 3245 177 3318 quc
220 3244 311 3317 opus
352 3217 474 3292 addito
515 3218 592 3306 δύο,
651 3245 761 3318 quum
798 3218 950 3294 venatici
981 3242 1088 3291 canes
1123 3216 1198 3291 lere

106 3318 178 3395 duo
203 3319 476 3421 intelliguntur,
513 3320 617 3421 quusi
641 3319 810 3418 copulati.
898 3402 902 3410 Ι

105 3439 109 3448 ’
204 3431 303 3511 505.
357 3450 431 3536 ἕχον
455 3450 492 3512 el
512 3435 598 3535 εἶχον
623 3438 728 3510 nimis
754 3464 859 3537 saepe
884 3426 1076 3537 repetita..
1138 3442 1140 3446 ’

205 3553 300 3630 510.
353 3565 479 3654 θαῦμα
508 3560 590 3637 ἰδεῖν
619 3569 676 3633 καὶ
706 3567 786 3646 Ζηνὶ
805 3558 1022 3659 βαρυκτύπῳ]
1073 3556 1198 3656 lne‘pln

106 3657 278 3752 adiecoo,
315 3659 383 3736 aed,
405 3685 477 3758 que
504 3656 620 3730 voluit
644 3659 1021 3757 eequcntiu-,uectere‚
1071 3653 1113 3733 οὗ
1141 3663 1199 3733 διὰ

105 3761 239 3854 βουλάς.
261 3803 313 3817 -
363 3759 464 3854 Quin
488 3757 557 3834 hoc
583 3783 735 3858 quoque
759 3757 929 3850 offendit,
972 3757 1070 3859 quod
1102 3784 1199 3833 nunc

106 3861 249 3934 demum
275 3872 312 3935 cl
340 3859 456 3936 obiter
480 3859 611 3935 (licitur
636 3858 797 3957 luppiter
824 3858 988 3949 Vulcano
1012 3858 1082 3934 hcc
1107 3885 1198 3956 opus

106 3964 339 4061 imposuisse3
378 3961 491 4064 quid?
541 3959 640 4061 quod
664 3986 710 4033 ue
738 3958 827 4033 illud
855 3959 1001 4059 quidem
1033 3986 1076 4034 eo
1101 3960 1195 4054 loeo,

106 4063 169 4135 ubi
195 4062 367 4157 debebat,
403 4064 579 4155 narravit,
614 4088 636 4134 u
660 4060 825 4134 Vulcano
851 4075 888 4134 et
911 4060 1096 4161 clypeum,
1124 4088 1199 4135 nou

106 4176 243 4238 tamum
275 4190 420 4257 ocreas,
462 4163 696 4237 fabrefactum
724 4187 823 4253 csse,
864 4162 926 4239 sed
958 4177 1038 4262 post
1073 4189 1197 4241 versus
