3044 5264
342 1383 533 1517 Caput
571 1369 912 1492 secundum.
977 1382 982 1393 ’

151 1625 238 1707 lle
272 1625 452 1709 scrnra
493 1600 776 1724 omunia,
827 1633 1006 1732 qualis
1043 1599 1164 1720 in*

246 1832 257 1847 ,
313 1753 476 1839 libris
513 1757 639 1840 Msn.
679 1758 936 1843 traditan·
1153 1782 1166 1797 ··

547 1943 709 1954 ..ιι-..η

560 2148 598 2251 g.
636 2147 674 2221 ι.

294 2333 363 2399 De
392 2298 660 2414 cognatione
687 2335 816 2398 codd.
843 2333 943 2400 Mas.
1017 2377 1021 2389 .

81 2496 138 2601 In
170 2529 288 2599 critica
320 2537 394 2599 arte
428 2526 620 2600 factitanda
645 2529 753 2599 tantis
782 2526 991 2626 plerumque
1017 2526 1165 2603 difficul-

81 2621 218 2699 tatibus
238 2626 444 2717 obruimur,
493 2640 533 2699 ut
557 2630 619 2697 vix
638 2631 798 2726 aliquem
826 2631 1037 2701 exstiturum
1064 2643 1164 2727 pute·

16 2742 19 2747 '
82 2755 184 2820 mus,
230 2730 318 2825 quin
350 2726 580 2800 consideratis
612 2728 719 2802 rebus
745 2731 935 2819 amnibus,
984 2756 1076 2829 quaa
1105 2731 1165 2804 dc·

83 2829 170 2901 irent
201 2827 439 2917 considerari,
473 2841 509 2900 ct
534 2834 678 2928 negotio
706 2857 841 2902 summa
869 2820 1056 2929 diligentia
1082 2858 1165 2929 pro·

82 2930 229 3029 iligna,
272 2942 399 3002 tamen
436 2930 592 3002 modeste
627 2944 664 3002 ct
698 2931 820 3002 aliis
810 2956 866 3003 rus
907 2930 1093 3005 dubitandi
1129 2944 1165 3006 ct

82 3031 151 3102 sibi
177 3032 388 3104 retractandi
413 3057 618 3114 concessum
646 3029 849 3105 arbitratur.
914 3034 1023 3130 Atqui
1051 3037 1164 3106 nostri
1204 3094 1208 3105 ,

81 3131 164 3202 iibri
189 3133 345 3205 conditio
371 3133 479 3204 muita
507 3132 636 3223 habet,
686 3132 818 3232 quibus
847 3134 912 3220 hac
938 3133 1164 3207 difficultates

80 3228 307 3320 vehementer
338 3246 527 3331 augentur.
608 3237 682 3307 Hac
716 3237 810 3307 enim
842 3247 954 3307 aetate
984 3237 1047 3333 qui
1073 3235 1162 3309 Scu-

81 3347 156 3404 tum
182 3333 348 3405 Herculis
363 3348 595 3453 tractarunt,
647 3339 801 3408 rationes
838 3337 891 3409 illi
925 3335 995 3407 sibi
1020 3339 1162 3432 cppcsi·
1232 3418 1237 3426 ,

80 3447 134 3505 tas
160 3436 322 3530 sequuti,
361 3436 400 3505 in
426 3435 581 3508 diversas
608 3462 675 3508 nus
699 3440 842 3535 rapiunt
865 3448 996 3535 partes.
1063 3437 1162 3530 Qua·

79 3562 159 3606 rum
186 3536 334 3608 alterum
367 3538 397 3607 si
430 3535 572 3628 audias,
618 3535 720 3610 valde
751 3552 938 3635 corruptus
970 3546 1026 3610 cst
1054 3537 1160 3630 liber,

80 3638 128 3707 ita
155 3648 196 3708 ut
220 3663 362 3709 manum
387 3650 511 3736 poetae
537 3630 597 3711 vix
630 3665 672 3711 ac
703 3665 747 3711 nc
780 3641 842 3722 rix
874 3638 1017 3758 quidem
1034 3664 1161 3759 ,agna-

80 3763 180 3830 scas3
227 3737 316 3809 alter
345 3765 428 3810 vero
464 3741 578 3837 ipsum
612 3751 749 3838 poetam
782 3741 977 3820 contemnit
1012 3742 1161 3837 eiusque

80 3863 183 3934 opus.
262 3840 357 3912 Hinc
383 3840 444 3913 ilie
470 3841 635 3914 audacter
660 3853 721 3930 ant
746 3843 822 3937 ipsc
847 3843 932 3912 vitia
958 3843 1072 3933 tollit,
1100 3848 1162 3912 aut

79 3938 236 4022 tollenda
258 3940 341 4028 aliis
367 3942 558 4040 relinquit3
612 3943 671 4014 hic
707 3953 828 4014 contra
864 3943 1031 4014 vitiorum
1069 3968 1160 4015 ama-

79 4053 155 4131 tor,
209 4040 300 4111 nihil
335 4067 446 4138 paene
482 4043 690 4133 delendum,
745 4042 808 4116 scd
844 4041 901 4114 vel
933 4041 1160 4131 foedissimas

78 4140 198 4238 lapsus
226 4141 430 4213 retinendos
472 4144 584 4216 iubet.
664 4145 777 4215 Cuius
809 4146 861 4215 rci
898 4142 1001 4239 culpa
1036 4145 1073 4215 in
1116 4144 1158 4214 li·

77 4240 221 4314 brorum
249 4245 338 4313 diss.
368 4256 526 4316 naturam
558 4256 593 4317 ct
623 4244 776 4316 indolem
812 4243 1056 4317 transferenda
1088 4258 1156 4335 cst,

79 4368 229 4438 quorum
263 4344 383 4416 nulius
417 4359 469 4417 est
504 4348 700 4418 innumeris
731 4345 870 4418 mendis
901 4371 974 4417 non
1005 4346 1156 4436 obsitus,

77 4442 200 4514 nulius
225 4458 423 4534 vetustate
461 4449 697 4548 conspicuus,
750 4446 871 4519 nulius
912 4448 1043 4546 igitur,
1095 4447 1158 4548 qni

884 4564 933 4643 21
