3044 5264
479 399 696 496 oomoou
728 394 1023 473 nnscmr'uo.
1221 389 1301 465 aas

313 603 451 675 Horum
476 601 650 674 librorum
676 600 765 674 aiios
794 611 958 674 accurate
991 598 1139 673 collatos
1164 604 1299 701 accepi·

211 727 313 797 mus,
350 708 397 776 ita
424 715 465 775 ut
490 730 619 801 paene*
638 703 730 774 nihil
756 729 820 776 nos
855 703 994 802 fugiat,
1042 700 1139 800 quod
1173 715 1209 776 et
1246 705 1300 776 di·

212 831 334 879 versae
354 806 551 901 scripturae
577 816 612 878 et
628 805 837 877 mendorum
861 808 976 895 inest,
1005 805 1301 878 utssscsttttt

212 910 252 981 Μ
262 909 363 999 mV,
403 906 492 979 alios
518 900 603 979 vero
627 905 712 979 lieet
743 933 815 978 non
849 904 970 978 eadem
1004 905 1191 1004 diligentia
1216 934 1301 981 eno·

212 1023 326 1101 tatas,
365 1021 483 1081 tamen
504 1010 553 1080 ita
577 1034 746 1082 excussos
771 1007 963 1101 habemus,
997 1019 1039 1079 ut
1064 1023 1193 1080 certam
1218 1037 1300 1107 pos·

212 1114 325 1183 simus
352 1110 396 1183 de
421 1113 573 1210 singulis
598 1111 808 1183 sententiam
825 1111 935 1201 ferre,
965 1123 1005 1182 ut
1022 1110 1296 1183 DEHLPST.

213 1214 350 1284 Tamen
376 1239 480 1310 saepe
506 1238 561 1283 me
588 1211 736 1284 dubium
750 1212 921 1302 haesisse,
950 1238 1022 1283 non
1049 1239 1157 1311 nego,
1184 1212 1300 1285 sicubi

214 1318 277 1412 qui
302 1312 414 1386 libros
440 1313 669 1386 contulerunt
698 1314 790 1385 nihil
820 1313 1034 1385 diversitatis
1064 1314 1296 1396 indicassent.

213 1416 322 1510 Quod
347 1415 490 1514 quidem
516 1415 617 1488 verbi
645 1441 768 1488 caussa
795 1414 838 1487 de
863 1415 943 1487 cod.
973 1415 1135 1487 Mediceo
1161 1415 1300 1489 intelle·

212 1534 308 1591 ctum
334 1520 429 1589 volo.
492 1518 584 1590 Nam
612 1544 685 1590 non
711 1520 840 1589 mirum
871 1527 986 1607 esset,
1029 1519 1060 1588 si
1087 1517 1299 1612 Dorvillius,

214 1622 277 1717 qui
309 1621 505 1717 scripturae
538 1618 809 1716 discrepantiam
843 1620 956 1716 magis
986 1620 1023 1688 in
1049 1640 1154 1690 suum
1180 1644 1300 1709 usum,

213 1749 321 1819 quam
347 1724 386 1791 in
412 1748 516 1791 usum
542 1719 690 1792 aliorum
718 1723 895 1809 enotavit,
932 1747 1003 1791 non
1024 1722 1169 1790 minima
1196 1747 1303 1819 quae·

214 1849 285 1919 que
319 1824 472 1919 margini
507 1820 766 1919 adscripsisset.
845 1822 1066 1892 Testimooio
1103 1848 1192 1898 ,vero
1225 1847 1303 1893 esse

214 1922 403 1995 videbatur
428 1949 587 1994 errorum
615 1924 829 2012 multitudo,
872 1924 995 2022 quiin
1022 1919 1169 2020 lunt.2
1201 1949 1303 2018 repe·

215 2027 379 2115 riantur,
437 2050 482 2096 ex
517 2023 652 2096 Aldino
695 2023 788 2097 libro
824 2026 863 2095 in
897 2025 1080 2095 luntinum
1117 2023 1300 2096 translati:
1363 2056 1368 2070 =
1403 2104 1406 2119 Ι

150 2177 154 2191 .
217 2129 343 2197 horum
371 2127 463 2196 enim
488 2127 637 2225 vestigia
665 2128 771 2198 etiam
794 2129 833 2197 in
862 2126 942 2199 cod.
971 2126 1133 2199 Mediceo
1164 2135 1304 2222 reperta

193 2253 313 2319 esse,
361 2229 422 2299 vix
455 2229 543 2298 mihi
581 2229 796 2326 persuadere
837 2222 1009 2326 poteram.
1083 2229 1176 2298 Hinc
1214 2224 1301 2301 mihi

213 2331 407 2402 necessitas
444 2341 525 2401 nata
561 2343 635 2421 est,
683 2343 846 2404 accurate
888 2333 1065 2428 integram
1111 2327 1305 2401 exhibendi

212 2434 410 2527 scripturae
436 2431 695 2522 diversitatem,
733 2458 825 2531 quae
851 2434 966 2503 estin
994 2431 1092 2502 lunt.
1111 2428 1160 2521 23
1200 2442 1240 2502 ut
1264 2432 1304 2502 iu

213 2542 385 2629 apparatu
422 2557 524 2621 meo,
578 2529 785 2629 ubieunque
821 2531 911 2601 nihil
946 2531 989 2601 de
1021 2530 1114 2602 libro
1140 2531 1303 2603 Mediceo

215 2632 349 2703 dictum
390 2634 547 2728 reperis,
605 2657 651 2703 ex
690 2633 1022 2704 commemoratione
1057 2630 1142 2701 libri
1167 2633 1304 2704 luntini

215 2733 360 2825 videas,
388 2732 476 2830 quid
501 2759 533 2805 ο.
549 2732 667 2823 Med„
694 2735 844 2805 sirecte
861 2732 1059 2805 Dorviilius
1084 2734 1215 2822 tacuit,
1243 2758 1304 2803 ex·

213 2832 348 2907 hibeat.
429 2833 501 2908 Sed
535 2833 687 2905 multum
721 2835 936 2906 incommodi
970 2861 1027 2906 res
1063 2860 1136 2905 nou
1172 2831 1302 2904 habet:

215 2934 531 3111 iiidiiiit
558 2935 927 3109 dimittit*
947 2932 1305 3133 iiiiiminiiii

215 3167 285 3213 uus
310 3065 558 3212 dabiliationisq
569 3142 686 3212 rarius
712 3139 855 3238 quidem
883 3149 979 3230 erat,
1015 3138 1078 3210 sed
1104 3136 1302 3209 molestius.

217 3242 461 3334 Quum-enim
490 3244 594 3315 initio
624 3242 713 3314 mitri
738 3244 979 3340 gratissimum
1011 3240 1160 3331 suisset,
1209 3236 1305 3337 quod

215 3343 338 3441 plures
363 3345 591 3442 potioresque
616 3342 729 3417 libros
755 3370 775 3416 a
801 3343 966 3442 pluribus
991 3341 1138 3417 collatos
1161 3366 1304 3439 accepe-

219 3563 499 3577 ,..-.-.........--

214 3663 313 3734 γενεήν,
340 3661 417 3727 ὁμὲν
432 3660 483 3736 γὰρ
501 3661 528 3715 is
544 3665 623 3725 θεοῦ,
646 3660 661 3715 ὅ
685 3664 711 3716 oi
735 3664 760 3724 ii
781 3660 933 3739 irapinas.
978 3668 1009 3722 In
1037 3667 1129 3722 schol·
1153 3667 1189 3722 ad
1214 3683 1255 3722 vs.
1270 3670 1306 3724 5⁷

215 3735 349 3790 convenit
367 3751 428 3788 cum
449 3737 486 3794 Α,
514 3735 589 3802 quod
613 3733 723 3803 signum
747 3738 821 3805 pii
845 3739 930 3791 nosti
957 3737 986 3792 in
1011 3738 1069 3792 tine
1091 3737 1218 3801 excidit,
1246 3738 1304 3793 nisi

215 3805 291 3872 quod
315 3817 392 3858 recte
407 3805 502 3861 ,habet
529 3805 673 3868 κλγγλνεται
697 3805 747 3856 aa«
766 3832 802 3844 --
852 3809 895 3862 62,
917 3810 1025 3879 χηλῇσι·
1050 3811 1108 3866 ταῖς
1124 3803 1226 3865 ὁπλαῖς.
1261 3808 1304 3861 64,

214 3869 461 3941 ἀμφαράβιζον·
490 3874 639 3943 sspiritum.
675 3872 893 3943 66‚‹iqioiarsv·
916 3883 1005 3938 τεμεῖν.
1040 3874 1236 3950 ἀρητκοὶδην·
1259 3874 1307 3930 τὸν

215 3943 271 3998 υἱὸν
286 3946 334 3994 τοῦ
351 3942 370 3994 ἄ
387 3959 438 4002 aaa·
461 3941 525 4012 ἄρῃς
541 3942 592 4011 γὰρ
610 3940 705 4012 ἄροτος
723 3945 766 3997 καλ
781 3945 806 4003 ἐξ
823 3943 905 3998 αὐτοῦ
923 3945 1072 4038 ἀοητιάδης.
1121 3949 1163 4002 80.
1182 3947 1304 4014 ἤλιτεν·

213 4010 336 4083 ἥμαρτεν.
371 3965 414 4065 83.
438 4009 483 4068 sic
507 4012 657 4080 apriano
680 4014 732 4063 καλ
755 4010 845 4082 ἧνκόχ
870 4033 895 4066 ν·
920 4035 993 4068 ουτοι
1009 4020 1101 4085 diffido
1116 4019 1243 4082 βασιλεῖς,
1268 4010 1306 4074 οἷς

148 4077 154 4089 “
214 4082 359 4149 ἐπεξενώθη
376 4079 390 4132 ὁ
407 4079 528 4151 ionalis·
563 4082 607 4134 85.
623 4080 691 4132 τῖον
707 4079 769 4155 γὰρ
786 4037 909 4152 rapidos
925 4089 1059 4148 μᾶλλον·
1079 4105 1118 4154 γρ.
1135 4087 1190 4137 aios
1207 4083 1231 4136 δ’
1251 4082 1307 4154 ἄρα

215 4151 313 4224 κηρόθι
330 4153 436 4214 μᾶλλον.
471 4146 748 4221 &sinedrae
771 4153 979 4224 νοοῦτεουήν.
1016 4158 1073 4210 101.
1093 4156 1212 4207 ἀᾶται·
1236 4157 1305 4238 nip-

216 4227 318 4293 ροῡται.
357 4223 414 4274 104.
443 4218 590 4287 Ταύρεος
613 4216 812 4284 ἐνόολναιος·
841 4221 960 4276 ἀπὸτοῦ
982 4233 1035 4277 etc.
1081 4226 1139 4278 109.
1157 4221 1306 4285 ἄμπελοι

215 4306 344 4350 σαντες·
370 4287 562 4358 πλησιάσαντες.
610 4290 667 4341 116.
686 4288 823 4360 ἄρμενα·
855 4290 1012 4362 ἡρμοσμένα·
1044 4292 1202 4362 καθήκοντα.
1247 4293 1305 4344 110.

215 4353 316 4411 ἵππον
339 4358 468 4431 sipiano·
495 4354 606 4414 ὁαίντός
623 4368 677 4413 etc.
723 4362 782 4414 128.
801 4359 867 4432 ἀρῆς
884 4360 1013 4431 ἀλκτῆρα·
1042 4365 1089 4430 τῆς
1113 4361 1211 4430 πλάνης
1235 4358 1305 4414 aino-2

216 4428 335 4496 οοβητήν.
371 4431 429 4483 iii.
449 4425 716 4498 λαθηφθογγοιο.
753 4430 810 4483 131.
830 4429 1032 4496 καλυπτόμενοι·
1051 4431 1218 4503 ἐπτερωμένον
1233 4420 1305 4501 ἦσαν.

217 4496 357 4567 Sequitur
373 4513 445 4554 nora
463 4496 635 4570 inscriptio:
654 4495 723 4571 ἀρχὴ
741 4502 789 4570 τῆς
806 4495 920 4561 ἀσπίδος.
