3044 5264
354 435 636 515 aeramnae
666 434 893 511 cuncus
1094 430 1170 505 ιιι

82 652 148 720 νσῖν
171 654 211 748 τῇ
236 653 357 745 μιννᾷι
386 653 471 716 cett.
535 644 578 714 ln
611 642 656 714 li.
685 666 769 714 vero
802 642 934 727 ἆλιτὲω,
971 637 1072 717 δλιτῶ
1106 646 1170 720 sto

83 747 264 845 ἁμαρτάνω
290 757 327 817 et
349 780 401 843 γρ.
426 747 641 838 ἀλιτήμενον·
663 745 895 841 ἡμαρτημένον
917 745 1023 836 ἤγουν
1048 748 1103 818 διὰ
1126 750 1168 819 τά

82 850 310 947 ἁμαρτήματα
344 856 583 941 λελειμμένον·
645 843 747 939 Quae
776 845 951 941 scriptura
985 845 1168 938 inlisit,

83 947 172 1019 milri
199 974 272 1019 non
297 959 406 1044 patet.

185 1045 252 1119 llis
289 1045 513 1147 adiungenda
550 1056 655 1136 sont,
707 1072 799 1145 quae
838 1072 883 1118 ex
914 1045 1169 1146 Etpmologiois

82 1150 217 1247 Magno
243 1160 278 1221 et
299 1148 462 1221 Gudiano
488 1147 559 1219 hue
585 1148 787 1244 pertinent,
815 1147 877 1220 sed
903 1150 972 1240 ita,
1012 1159 1052 1220 ut
1072 1175 1169 1222 nunc

83 1250 226 1348 quidem
253 1276 273 1321 a
300 1249 465 1320 Gudiauo
497 1250 721 1344 incipiamus.
776 1249 831 1319 lbi
865 1251 974 1346 igitur
1004 1265 1044 1348 p.
1069 1247 1166 1343 2²12,

81 1348 139 1422 50
165 1377 266 1449 seqq.
294 1349 469 1448 legimus:
498 1352 755 1446 ιἨλιτόμηνος·
782 1352 800 1424 ὁ
825 1353 992 1438 Διόνυσος·
1019 1365 1169 1445 σημαίνει

82 1462 117 1526 δὲ
146 1457 185 1528 τὸ
216 1461 449 1547 ἑπταμηνιαῖον
478 1463 637 1545 γεννηθὲν
669 1460 817 1526 παιδίον·
843 1457 1074 1547 Καλλίμαχος·
1107 1457 1168 1544 τὴν

80 1560 140 1628 οὐκ
165 1561 281 1644 ἔπλησε
301 1555 410 1651 μήτηρ
435 1564 598 1653 φέρουσα,
622 1554 690 1639 οδς
706 1560 825 1637 ώθῑνε,
850 1561 968 1648 μῆνας;
1005 1556 1168 1653 Ὅμηρος.

78 1662 131 1728 Ἕκ
157 1655 192 1727 δ’
221 1655 324 1748 ἄγαγε
351 1655 545 1752 προεμόωςδε
565 1665 620 1729 καὶ
648 1656 845 1748 ἠλιτόμηνον
868 1655 992 1745 ἑὸντα,Ι
1009 1660 1102 1750 παρὰ
1128 1657 1166 1730 τδ

80 1758 193 1842 άλιτος
219 1756 433 1846 άλιτόμηνος,
467 1756 511 1841 ὡς
536 1757 627 1849 παρά
650 1757 688 1828 τὸ
719 1758 856 1846 ποιητὴς
880 1763 1037 1844 ποιητοῦ,
1075 1758 1166 1829 διδά-
1279 1803 1283 1810 -

81 1868 219 1944 σκαλος,
272 1857 484 1930 διδασκάλου·
529 1868 678 1950 σημαίνει
719 1863 754 1929 δὲ
793 1865 857 1929 τῶν
896 1866 1003 1930 κακῶν
1038 1856 1165 1933 ticin«

81 1957 180 2029 llaec
213 1956 252 2027 iu
288 1955 360 2030 fine
393 1967 559 2053 corrupta
590 1979 691 2045 csse,
737 1981 841 2029 nemo
871 1981 946 2027 non
980 1955 1163 2056 intelligit.

81 2059 226 2154 Inspexi
262 2055 329 2130 hae
365 2058 548 2129 occasione
583 2053 700 2127 oblata
735 2056 892 2128 Gudiani
928 2055 1166 2157 Etymologiei

82 2158 301 2255 exemplum,
353 2183 374 2229 a
408 2156 667 2255 liuleulsampio
704 2155 944 2253 descriptum,
996 2157 1091 2256 qnod
1127 2162 1165 2230 in

82 2259 309 2358 Gottingensi
342 2257 556 2331 bibliotheca
592 2270 816 2352 asservatum
866 2285 1052 2358 meamque
1089 2262 1164 2358 opi·

80 2364 224 2433 nionem
263 2360 307 2433 de
337 2359 536 2458 corruptela
562 2386 689 2432 vocum
724 2385 831 2457 supra
860 2363 1054 2457 positarum
1090 2361 1165 2433 vidi

57 2459 312 2536 ¹certissimam
347 2486 439 2534 esse.
503 2463 643 2532 Etenim
678 2471 819 2532 oxslant
847 2460 898 2531 ibi
933 2472 1063 2558 puncta
1095 2462 1164 2534 suls

81 2564 154 2635 illis
179 2563 326 2634 vocibus
352 2565 488 2660 posita,
531 2565 669 2653 ποιητὴς
693 2567 848 2651 ποιητοῦ,
890 2567 1088 2650 διδάσκαλος
1115 2574 1165 2638 δι·

82 2670 258 2750 δασκάλον,
294 2690 385 2762 quae
411 2665 513 2760 signa
535 2675 620 2734 sunt
645 2662 864 2758 corruptelae
885 2661 932 2733 ab
952 2665 1030 2760 ipso
1048 2663 1164 2735 scriba

83 2765 312 2862 significatae.
366 2766 415 2836 Eu
448 2765 599 2861 plurima
631 2789 696 2860 per
726 2774 838 2833 totum
871 2763 1001 2833 librom
1027 2791 1163 2860 sparso,

81 2867 235 2964 pessimo
259 2867 422 2938 instituto
447 2890 592 2960 prorsus
621 2865 749 2936 omissa
772 2875 856 2935 suot
879 2862 925 2962 ab
951 2863 1162 2957 editoribus,

82 2960 145 3065 qui
191 2966 540 3066 diligentissime
583 2966 667 3054 ita,
729 2974 778 3037 ut
818 2963 1164 3063 liolenlrampios

81 3069 433 3165 descripsisset,
503 3065 862 3164 Etymologioum
916 3065 1164 3139 Gudianum

81 3195 178 3241 sese
212 3170 493 3265 expressisse
527 3167 763 3256 affirmarunt,
803 3167 871 3239 cfr.
900 3167 1014 3264 prael.
1038 3195 1075 3266 p.
1090 3168 1160 3241 lll.

82 3269 216 3341 Ultima
247 3268 355 3341 verba
393 3283 569 3363 »σημαίνει
593 3278 653 3343 ol«
694 3269 856 3365 suspicor
888 3268 1051 3366 equidem
1066 3286 1069 3292 ’
1084 3281 1165 3366 post

81 3397 205 3442 vocem
239 3379 409 3447 »Μίνωαι
443 3370 469 3442 l.
494 3365 546 3440 15
581 3367 741 3440 addenda
774 3393 872 3458 esse,
910 3380 946 3440 et
977 3371 1057 3442 voci
1087 3373 1163 3467 ἡλί-

82 3503 157 3548 σιον
180 3471 408 3569 explieandae
444 3473 635 3562 inservire,
671 3481 712 3540 ut
735 3471 854 3566 paullo
889 3482 989 3541 anter
1028 3473 1165 3560 ιὴδιῖαν

82 3583 224 3670 παρέχον
247 3575 366 3663 corin·
436 3574 490 3643 Ex
514 3573 629 3670 Etym.
658 3572 711 3640 Μ.
747 3569 884 3668 reliqua
918 3572 1048 3669 corrigi
1083 3597 1163 3667 pos·

82 3685 180 3745 sunl.
234 3674 290 3745 lbi
316 3675 410 3745 enim
445 3670 598 3771 μδῖδ,
623 3667 677 3742 10
700 3696 802 3768 seqq.
831 3670 1003 3768 legimusr
1044 3674 1165 3746 ιἨλι

82 3775 226 3868 τόμηνος
259 3788 315 3850 καί
343 3775 556 3872 άλιτὴμερος·
591 3785 741 3866 σημαίνει
773 3779 808 3845 δδ
841 3775 902 3845 τόν
930 3780 1166 3866 ἑπταμηνιαῖον

81 3886 281 3967 γεννηθέντα
314 3885 434 3960 παῖδα,
482 3877 525 3962 δίς
559 3906 642 3971 φησι
673 3876 901 3967 Καλλίμαχος,
926 3915 976 3928 -
997 3877 1073 3973 ,τὸν
1104 3876 1164 3950 οὐκ

82 3981 201 4063 ἔπλησε
226 3986 375 4078 φέρουσα
398 3977 505 4074 μάτηρ
532 3979 589 4062 οὓς
614 3976 706 4048 ὠδῖνι
728 3980 837 4067 μῆνας
859 4015 911 4028 --
943 3975 1003 4047 τὸν
1027 3984 1165 4071 διημαρ-

82 4078 207 4162 τηκότα
227 4085 289 4151 τοῦ
311 4082 520 4166 καθήκοντος
552 4078 656 4170 μηνὸς
685 4077 730 4159 εἰς
761 4075 801 4146 τὸ
832 4080 1007 4166 τεχθῆναι·
1044 4077 1166 4150 άλιτεῖν

82 4178 214 4273 γάρτὸ
248 4177 420 4270 άποτνχεῖν
449 4190 504 4254 καὶ
529 4178 740 4272 ἁμαρτάνειν·
765 4185 821 4249 καὶ
844 4175 995 4272 ’Όμηρος
1022 4176 1165 4262 Ἰλιάδος

83 4277 137 4360 τ’,
172 4279 227 4353 Ἕκ
258 4278 289 4348 δ’
318 4279 419 4373 άμαγε
443 4279 636 4376 προτμόωςδε
666 4286 722 4350 καί
752 4274 948 4367 ν’λιτόμηνον
983 4277 1093 4352 ἐόντα·
1114 4319 1164 4335 --

84 4377 329 4475 διημαρτηκότα
366 4387 428 4456 τοῦ
469 4387 590 4452 τελείου
625 4378 772 4475 άριθμοῑ
814 4385 879 4448 τῶν
919 4385 1010 4451 ἑννὲα
1043 4386 1165 4473 μηνῶν.

85 4479 270 4571 ἑπτάμηνος
302 4486 369 4555 οὐκ»
393 4483 599 4582 Εὐρυσθεύς·
631 4481 722 4578 παρὰ
745 4477 797 4553 τὸ·
818 4476 932 4566 άλίτης
959 4479 1164 4574 ἆλιτόμηνος,
