3044 5264
333 389 413 465 reu
601 391 880 468 mesaneos
916 360 1142 471 ennecus.

331 600 511 701 plerisque
544 606 605 694 μέν
636 598 883 685 restituatnr‚‘
910 593 979 665 eir.
1006 592 1188 691 flartung.
1225 589 1269 664 (le
1303 593 1414 689 parti-

198 760 202 770 .
330 701 421 777 eulis
447 701 504 792 lt,
539 726 577 797 p.
598 693 689 768 591.
744 695 868 768 Sohol.
893 695 989 765 Ven.
1017 693 1063 766 ael
1089 693 1134 765 ΙΙ.
1163 728 1202 781 α,
1226 690 1300 787 77,
1341 694 1414 767 lle·

269 857 273 866 -
330 802 430 904 speh.
460 829 491 873 s.
514 828 549 870 v.
592 796 700 894 ἦμέν
724 831 799 894 μοι,
836 823 873 894 p.
896 792 1032 876 1651..

431 906 622 995 ἀπέκτανεν]
662 908 844 975 ἀπέκτεινεν
876 895 1118 970 CthlSV.
1163 897 1344 973 'olus'nrm'
1381 898 1415 968 Τ

331 1018 367 1079 et
392 1007 516 1080 Trina.
571 1009 752 1077 ἀπέκτεινεν
778 999 908 1099 legitur
933 1002 1039 1071 etiam
1065 1000 1103 1068 in
1121 998 1223 1072 Diae.
1252 997 1412 1090 scholiis,

332 1134 401 1208 qua
428 1132 536 1179 exre
564 1131 634 1175 non
659 1129 739 1175 eum
767 1101 974 1173 Heinriehio
1007 1128 1044 1197 p.
1065 1096 1142 1170 115
1173 1099 1415 1200 colligendum

332 1220 406 1300 est,
445 1206 593 1279 eandem
626 1206 737 1276 fuisse
766 1206 804 1276 in
834 1202 954 1275 codiee
982 1203 1161 1273 Diaconeo
1186 1204 1412 1299 sumpturam,

328 1301 395 1384 sed
420 1305 772 1383 errorem.librorom
805 1332 850 1377 ex
875 1305 1166 1402 interpretatione
1196 1303 1415 1395 scholiorum

331 1425 454 1488 natum
482 1407 606 1507 esses·

432 1511 484 1613 ἶφι
509 1509 700 1608 δαμάσσας]
726 1506 810 1608 lpus
837 1509 989 1603 δαμάσας
1019 1505 1063 1578 C·
1118 1516 1171 1606 ἴφι
1201 1507 1354 1603 δαμάσας
1379 1509 1411 1587 l,

331 1623 384 1715 ἴφι
409 1614 583 1703 δαμάσσας
609 1610 652 1679 li.
684 1632 731 1708 ρο.
756 1612 808 1707 gl.
836 1612 985 1707 ἰσχυρῶς)
1010 1608 1043 1679 Τ
1045 1612 1135 1682 rino.

363 1722 367 1732 '
433 1711 497 1786 12.
550 1725 623 1813 περὶ
646 1720 760 1812 stowe]
785 1724 858 1807 περὶ
877 1720 994 1805 βουσίν
1014 1712 1089 1783 lm·
1125 1726 1196 1811 ντέρι
1213 1712 1411 1811 Goettling.

332 1828 371 1889 ut
396 1819 443 1888 sit
466 1813 612 1886 adverb.
639 1811 788 1902 valde,
817 1811 913 1910 qued
933 1822 1027 1885 reete
1040 1814 1239 1885 Hermann.
1253 1813 1410 1911 Opuseo.

331 1918 399 1992 Vl.
430 1944 466 2014 p.
483 1911 561 1988 194
585 1915 721 1986 reieeit.
773 1914 873 1986 Adde
890 1913 1005 1986 Lehrs
1029 1926 1167 2012 quaest.
1194 1942 1275 2012 epp.
1294 1912 1408 2012 p.97.

331 2019 397 2092 Sin
423 2019 650 2090 Hermannus
672 2027 708 2088 et
733 2014 894 2086 Wolfius
920 2016 1132 2112 opinantur,
1167 2041 1212 2088 ex
1236 2015 1413 2089 Hesiodeo

330 2120 409 2192 loeo
440 2117 561 2215 eolligi
596 2142 680 2187 non¹
703 2142 827 2215 posse,
878 2115 1174 2212 Amphitruonem
1208 2116 1413 2216 Electryoni

330 2223 459 2293 iratum
486 2219 615 2289 luisse:
654 2244 709 2289 me
737 2216 873 2303 iudice,
909 2220 954 2288 ah
974 2217 1193 2315 Apollodoro
1214 2219 1414 2318 harumque

331 2348 450 2394 rerum
486 2317 750 2391 enarratorihns
791 2320 1046 2416 posterioribus
1084 2321 1205 2393 setlnei
1243 2347 1281 2393 so
1316 2322 1414 2418 passi

331 2434 427 2494 sunt.
490 2419 706 2516 Quicunque
730 2422 825 2491 enim
850 2418 997 2494 aliarum
1025 2426 1265 2494 narrationum
1291 2423 1414 2494 imme·

329 2551 408 2596 mor
434 2549 477 2594 ex
507 2519 674 2613 Hesiodo,
693 2521 770 2593 solo
806 2523 857 2593 rei
894 2524 1132 2618 cognitionem
1168 2527 1277 2620 petit,
1322 2522 1415 2599 nihil

330 2626 462 2699 eortius
484 2621 643 2721 putabit,
682 2648 788 2720 quam
814 2620 859 2695 ab
886 2622 1143 2720 Amphitruone
1165 2625 1412 2722 Electryonem

329 2726 558 2799 interiectum
590 2749 689 2813 esse,
742 2727 819 2796 rina
853 2738 997 2822 propter
1034 2723 1163 2819 hoves,
1218 2727 1256 2800 h.
1289 2752 1323 2799 e.
1368 2724 1413 2797 de

328 2830 552 2927 possessione
590 2827 698 2897 houm
731 2852 762 2898 s.
792 2828 967 2898 bonorum
994 2841 1129 2899 exorta.
1197 2829 1274 2901 cfr.
1312 2854 1413 2925 prae·

328 2942 449 3018 terea,
476 2925 550 3013 82,
586 2941 712 3016 κτείνας
732 2919 980 3022 Ἠλικτρὺδινα,
1014 2939 1104 3020 βοῶν
1126 2937 1206 3006 ἕνεκ’
1234 2929 1414 3027 εὐρυμετώ-

328 3063 399 3107 nou
425 3043 460 3100 et
490 3027 604 3100 sehol.
640 3027 685 3099 ad
708 3029 818 3100 Hom.
846 3028 891 3101 11.
920 3027 963 3117 ξ,’
978 3026 1059 3099 525
1091 3031 1340 3130 ιἈμφιτρὺων,
1376 3032 1415 3116 δε

329 3134 452 3206 ἆνελών
471 3131 705 3227 Ἠλεκτρύωνα
718 3140 807 3222 βοῶν
823 3135 1091 3228 ἀμφιςβητήσεως
1103 3137 1202 3229 χάριν
1217 3139 1250 3219 ἐξ
1270 3135 1414 3225 Ἀργονς

329 3244 472 3330 ἔρυμνα
503 3256 593 3327 quaa
621 3243 740 3303 nostro
772 3257 817 3303 ex
841 3234 994 3302 carmine
1027 3231 1151 3305 hausta
1187 3258 1264 3305 esse
1302 3244 1408 3328 patet.

330 3331 503 3405 Similiter
546 3330 678 3402 dietum
722 3345 776 3403 est
816 3333 854 3403 in
894 3331 1016 3429 hymn.
1063 3335 1101 3403 in
1141 3336 1298 3406 Mereor.
1332 3329 1412 3402 256

330 3434 518 3529 »χωόμενον
542 3444 615 3532 περὶ
648 3441 770 3525 βουσὶν
806 3444 841 3505 et
873 3433 917 3504 11.
942 3457 988 3530 ψ,
1014 3431 1066 3504 86
1094 3461 1172 3534 seq.
1216 3437 1318 3527 ἤματι
1353 3441 1411 3531 τῷ,

329 3536 385 3611 ὅτε
409 3541 511 3609 παῖδα
536 3543 734 3610 κατέκτανον
752 3536 1040 3634 Ἀμφιδάμαντος,
1074 3541 1204 3624 νήπιος,
1247 3536 1308 3611 οὐκ
1335 3544 1412 3609 trs:

328 3647 408 3721 λων,
441 3637 527 3733 ἄμφ’
558 3639 793 3731 ἀστραγάλοισι
814 3646 995 3731 χολωθείς·
1022 3634 1084 3707 uhi
1107 3648 1223 3710 minen
1247 3670 1298 3738 γρ.
1320 3636 1408 3735 ἀμφ’

328 3738 573 3838 ἆστραμάλῃσιν
600 3745 742 3827 ε’ρίσσας.
857 3737 866 3756 ’

429 3840 501 3937 ὅγε]
527 3838 581 3911 ὅτε
610 3838 637 3906 Β
663 3862 683 3907 a
709 3864 764 3932 pr.
794 3837 1062 3936 m.1)etmg.
1093 3840 1136 3911 li.
1191 3838 1272 3912 Ald.
1302 3836 1410 3912 tut

327 3937 453 4028 Base,
493 3937 643 4008 fortasse
670 3940 789 4014 utiles
815 3949 961 4014 erese
985 3966 1022 4010 v.
1035 3936 1089 4012 11
1124 3939 1193 4012 sihi
1220 3940 1412 4039 responde-

326 4048 430 4126 rent,
471 4049 511 4108 ut
537 4038 646 4128 till,
660 4036 757 4110 505.
784 4040 834 4128 V,
850 4036 946 4110 551.
977 4040 1048 4112 Οδ.
1068 4043 1101 4131 l,
1122 4038 1269 4136 16.18,
1298 4067 1411 4141 quan·

327 4163 433 4236 quam
461 4139 518 4230 ὅγε
544 4149 579 4209 st
602 4141 656 4214 ὅτε
685 4143 892 4237 saepissime
917 4154 1190 4216 commutantur.

429 4233 493 4308 15.
547 4247 788 4338 φερεσσακέας]
820 4254 1036 4342 φερεσακὲονς
1070 4243 1113 4316 C.
1176 4253 1413 4344 φερεσσακέονς

329 4338 425 4411 Tel
449 4338 573 4410 Trlnss·
625 4352 820 4437 φερεσακὲας
844 4370 893 4415 m·
947 4355 1147 4442 φερεσακέας
1167 4347 1198 4417 Ι.
1252 4349 1411 4444 φερεσσά-

328 4472 404 4529 κεος
431 4437 544 4514 DSV
575 4437 761 4542 plerique3
812 4456 1031 4547 φερεσσακέας
1062 4447 1106 4520 li.
1141 4447 1255 4523 schol.
1289 4445 1412 4520 addito
