3044 5264
206 403 286 481 526
501 403 745 488 OOGNATIO
770 401 994 486 conicum

208 608 362 710 singulis
387 606 601 711 quibusdum
633 607 807 707 exemplis
829 605 1008 706 agentium
1043 604 1196 679 violetur.
1252 608 1301 678 ln

207 715 323 811 primo
338 791 342 799 ,
358 712 526 791 carminis
557 736 663 785 versu
694 708 935 787 memoribilis
969 719 1025 783 cst
1043 710 1230 804 :scriptura
1266 708 1300 779 F

208 815 263 906 οἵη
289 812 365 911 (δὲ)
404 822 440 884 et
477 811 545 886 ΙΜ
579 820 669 904 ποίης
716 810 823 886 dett
856 808 948 891 nibil
977 820 1297 886 commemoraturs

207 937 244 986 m
279 913 477 1002 consentit,
530 912 681 1008 opinor,
722 936 806 985 cum
839 909 881 1005 l,
943 909 1026 986 telis
1060 908 1302 1006 discreprntic

156 1018 163 1031 ‘
209 1013 388 1116 quomodo
415 1013 513 1088 nosci
537 1013 714 1110 potuerit,
738 1029 744 1051 ³
757 1013 819 1089 vix
840 1008 1057 1110 intelligitur
1064 1036 1076 1102 3
1118 1006 1211 1085 illud
1231 1035 1299 1107 rp-

208 1125 333 1213 poret,
381 1115 495 1212 magis
525 1124 713 1212 corruptos
745 1138 824 1187 csse
850 1110 938 1203 lbi,
976 1136 1084 1215 quem
1108 1109 1153 1202 F,
1189 1123 1225 1189 ct
1253 1113 1299 1203 F,

210 1241 320 1316 quum
343 1215 403 1304 ll,
448 1215 479 1285 si
503 1240 548 1287 ex
574 1213 718 1289 silentio
744 1224 839 1295 recle
869 1209 1071 1311 colligitur,
1120 1209 1218 1289 bunc
1252 1211 1300 1285 li·

209 1313 317 1391 brum
338 1313 518 1414 vulgatum
544 1316 756 1414 scripturum
782 1311 965 1412 praebere.
1017 1311 1123 1388 idem
1152 1325 1304 1410 rppuret

210 1442 256 1492 ex
280 1402 336 1488 vs‘.
351 1414 399 1508 l,
435 1417 500 1492 ubi
520 1415 627 1491 llllnr
654 1417 883 1492 consentiunt
901 1416 941 1488 iu
958 1436 1125 1517 perverso
1146 1412 1303 1491 lectione
1337 1459 1341 1463 »

210 1518 254 1608 ἣν
277 1519 338 1612 ῥα,
380 1542 473 1615 quoe
499 1515 588 1618 quid
611 1513 683 1591 sibi
705 1517 816 1608 velit,
850 1510 941 1593 nulli
961 1515 1207 1613 perspicietur.
1254 1515 1306 1597 ln

210 1642 266 1688 vs·
291 1614 315 1686 7
338 1632 483 1700 κυανέων
506 1626 696 1693 servarunt
719 1642 858 1693 omnes.
913 1617 956 1690 ln
980 1609 1110 1695 vs.10
1134 1617 1225 1690 cirre
1247 1647 1303 1703 τις

211 1728 308 1795 recle
333 1730 389 1800 osi
412 1722 452 1794 in
472 1720 500 1790 F
525 1720 719 1820 scriplum,
764 1718 975 1797 erinstein
1000 1717 1040 1793 Μ
1062 1717 1168 1789 mele.
1225 1715 1303 1790 Sed

211 1820 252 1893 in
276 1843 333 1894 vs.
355 1816 409 1893 29
433 1819 472 1896 Μ
496 1818 596 1893 solus
617 1821 773 1893 servavit
796 1844 916 1894 veram
943 1819 1154 1919 scripturam
1179 1818 1302 1940 pereri-

212 1949 289 2008 σαι,
340 1919 425 1997 (lum
460 1919 590 2018 reliqui
658 1929 792 2001 υτεῠσαι
826 1921 946 1994 minus
984 1916 1075 1997 bene
1112 1914 1297 2002 exbibenl.

137 2013 144 2024 ¹
211 2023 257 2095 ln
283 2045 338 2099 vs.
360 2017 415 2096 52
441 2022 517 2097 τότε
542 2022 577 2096 c'
605 2054 699 2113 αυτις
725 2020 882 2098 nnusll
914 2030 1008 2093 recte
1036 2016 1204 2108 exhibet,
1243 2043 1304 2096 re-

213 2119 305 2220 liqui
330 2124 369 2194 in
394 2120 533 2197 diverse
552 2119 712 2212 obeunt,
767 2121 831 2194 scd
865 2121 902 2191 in
935 2118 1041 2198 τόθεν
1073 2119 1305 2192 consentiunt

213 2246 351 2299 omnes.
416 2221 462 2296 lo
490 2217 619 2297 vett)
656 2223 751 2323 θήβῃ
781 2231 816 2298 ἐν
839 2221 1031 2326 ἑπταπύλῳ,
1072 2220 1305 2300 &comittunt

214 2321 294 2395 lm.
348 2321 403 2424 ἐφ’
434 2316 542 2393 brbet
569 2321 628 2412 fl,
669 2319 767 2422 quod
791 2321 880 2397 lcrri
905 2346 978 2392 non
1029 2331 1132 2396 otest.
1202 2319 1306 2396 luter

214 2419 307 2492 Fet
334 2421 369 2498 ll
396 2422 600 2519 quesnelio
625 2423 694 2512 sit,
732 2420 836 2497 dccet
869 2447 923 2494 vs.
944 2347 1052 2514 20b,
1091 2419 1155 2493 nbi
1178 2421 1214 2490 Η
1239 2446 1304 2493 sx-

213 2518 327 2601 bibet
340 2525 427 2598 ἔπιδ’
456 2535 564 2623 teporo
590 2533 629 2594 et
652 2521 848 2599 clausulam
873 2548 998 2598 versus
1019 2523 1163 2615 reticet,
1202 2522 1243 2593 in
1270 2521 1304 2592 F

215 2621 460 2720 vere-legitur
490 2629 615 2701 risisse
637 2631 839 2702 senates«
863 2623 932 2699 cir.
952 2619 1099 2720 ptos.
1136 2625 1304 2697 Fortasse

215 2722 332 2799 simile
358 2721 446 2825 qnid
471 2722 664 2799 admissum
695 2734 772 2800 etot
793 2726 832 2796 in
857 2749 912 2796 vs.
929 2719 1009 2799 265
1040 2722 1109 2795 clr.
1128 2748 1179 2820 sp.
1199 2718 1300 2813 252,

216 2849 543 3023 libelluli?
566 2821 1305 3025 llll*·,„itlttt⁰tlll,²¹¹t,¹⁰l31

215 3036 342 3123 porstu
367 3035 486 3122 potest
510 3024 671 3121 exemplu
696 3035 829 3121 petere.
908 3025 1097 3098 Neminem
1123 3025 1218 3102 euim
1243 3022 1304 3094 l'u·

216 3127 293 3298 piet
313 3149 451 3199 summe
477 3126 550 3216 rei,
581 3123 667 3197 lieet
689 3127 728 3196 in
752 3124 904 3222 singulis
927 3123 1148 3221 discrepent,
1182 3134 1306 3198 lumen

97 3305 101 3317 Ι
246 3221 328 3295 bros
354 3225 449 3298 inter
472 3249 511 3301 se
538 3224 739 3301 simillimos
764 3249 843 3302 esse
874 3236 910 3303 et
940 3223 985 3302 ab
1020 3228 1131 3304 alteru
1167 3221 1307 3300 familie

216 3323 383 3400 recedere
405 3326 534 3400 solere.

317 3427 366 3500 Ar
393 3435 586 3522 supersunt
619 3422 726 3515 libri,
776 3450 867 3523 qnos
898 3424 1071 3501 hactenus
1095 3424 1140 3499 ob
1165 3425 1224 3501 bis
1249 3424 1305 3501 lu·

216 3523 328 3600 millis
348 3525 580 3617 seclusimus,
608 3551 761 3624 quorum
781 3526 873 3601 nulli
891 3529 1048 3624 potiores
1064 3524 1169 3601 uobis
1185 3527 1305 3618 fuero,

217 3651 325 3726 quom
350 3628 406 3718 A,
445 3628 509 3727 qui
533 3623 766 3700 Boissouodio
798 3625 915 3703 iudice
946 3629 1040 3703 inter
1066 3625 1179 3703 libros
1204 3628 1307 3702 Peri·

217 3728 340 3818 sinos,
386 3727 450 3826 qui
472 3725 619 3802 Sculum
642 3724 833 3818 exhibent,
873 3728 1026 3848 primum
1052 3726 1171 3805 locum
1197 3752 1305 3804 oecu-

217 3837 303 3927 put,
341 3837 378 3901 et
410 3827 462 3917 B,
512 3828 576 3924 qui
611 3825 693 3900 ideo
728 3828 903 3924 imprimis
938 3827 1042 3900 nobis
1078 3830 1179 3904 utilis
1216 3826 1303 3919 fuir,

220 3929 304 4028 quir
348 3927 612 4004 recentissime
659 3953 680 4003 u
714 3927 890 4005 liceblero
926 3926 1124 4031 descriptus
1161 3940 1218 4002 est
1237 3928 1302 4028 1⁷).

286 4191 333 4255 1⁷)
367 4192 414 4247 lix
432 4192 486 4245 lmc
502 4200 633 4247 ucecrete
651 4191 807 4248 collusione
825 4192 967 4246 Kcehleri
986 4192 1126 4262 imprimis
1152 4195 1309 4262 cognosci-

220 4263 283 4320 tur,
320 4258 351 4313 ic
373 4258 551 4317 correctoris
575 4277 673 4316 munus
696 4263 771 4317 bunc
797 4263 903 4317 librum
920 4261 1077 4330 incidisse,
1104 4262 1155 4330 qui
1173 4262 1306 4318 codicem

220 4324 343 4405 aliquem
372 4337 470 4385 occtm
495 4340 525 4382 or
551 4345 588 4384 ex
617 4345 653 4385 ec
670 4340 699 4384 et
716 4347 753 4386 cx
773 4331 890 4398 iugenio
908 4333 1007 4385 ruendo
1024 4333 1160 4388 nonnullo
1177 4333 1307 4387 sustule-

220 4406 260 4450 rit
286 4405 317 4448 ut
338 4411 364 4474 u.
379 4399 421 4463 tt,
439 4397 544 4463 14,86,
562 4400 605 4463 88,
624 4400 668 4462 oc,
686 4401 729 4464 91,
749 4403 799 4454 156
815 4399 904 4464 nlibi,
926 4401 976 4454 sed
996 4400 1116 4470 plurimo
1134 4409 1181 4455 sut
1198 4400 1307 4458 inrecte

221 4463 389 4534 reliquerit,
417 4475 469 4521 sot·
481 4466 553 4524 meo
571 4482 643 4526 nore
661 4469 808 4527 invexerit
814 4505 824 4537 ,
854 4471 906 4526 etr.
925 4475 998 4543 App.
1015 4469 1081 4526 crit.
1099 4471 1135 4527 erl
1153 4471 1180 4537 l,
1199 4471 1243 4537 co,
1261 4473 1306 4538 19,
