3044 5264
388 386 539 459 ΛΣΠΙΣ
570 383 864 454 ΠΡΑΚΛΕΟΥΣ.

83 596 193 660 κείατο
218 594 399 673 τεθνηῶτες
415 585 486 693 Ιύπό
512 594 699 680 βλοσυροῖσι
723 591 860 658 λέουσιν.

84 720 139 789 τοί
163 710 196 783 δ’
224 714 272 787 ἔτι
294 717 424 806 μᾶλλον
447 720 648 810 ἐγειρέσθην,
681 719 830 792 κοτέοντε
854 707 1031 803 μάχεσθαι,

85 836 286 937 ἀμφότεροι,
321 843 456 931 χλοῦναί
479 869 513 916 τε
538 838 627 923 σύες,
659 847 803 935 χαροποί
830 868 866 909 τε
890 843 1025 920 λέοντες.

155 1055 159 1064 ¹
183 965 238 1037 Ἔν
262 964 304 1058 δ(
323 959 365 1053 ἦν
387 965 505 1058 ύσμίνη
528 965 721 1043 Λαπιθάων
742 961 948 1058 αἰχμητάων,

84 1099 215 1166 Καινέα
239 1091 265 1162 τ’
294 1073 381 1190 άμφὶ
404 1093 543 1177 άνακτα,
578 1091 732 1188 Δρύαντά
754 1125 806 1179 τε,
837 1089 1024 1190 Πειρίθοόν
1046 1122 1089 1174 τε,

80 1219 203 1291 Ὁπλέα
227 1219 269 1303 τ’,
300 1220 447 1304 Ἐξάδιόν
471 1253 520 1305 τε,
560 1220 716 1319 Φάληρόν
735 1251 788 1312 τε,
822 1218 996 1314 Πρόλοχόν
1014 1249 1058 1303 τε,

83 1349 216 1444 Μόψον
245 1348 271 1421 τ’
310 1349 530 1441 Ἀμπυκίδην,
570 1350 781 1445 Τιταρήσιον,
816 1349 893 1435 ὄζον
911 1349 1049 1446 Ἄρηος,

87 1480 198 1561 θησέα
227 1474 252 1545 τ’
278 1477 452 1567 Αἰγείδην,
487 1481 657 1556 ἐπιείκελον
682 1474 920 1554 ἀθανάτοισιν·

86 1600 252 1698 ἀργύρεοι,
281 1598 417 1699 χρύσεια
441 1614 513 1697 περὶ
532 1609 613 1699 χροῒ
629 1601 733 1696 τεύχε’
762 1607 897 1696 ἔχοντες.

87 1734 271 1825 Κένταυροι
296 1730 327 1803 δ’
355 1738 514 1829 ἑτέρωθεν
539 1739 680 1807 ἐναντίοι
700 1730 910 1826 ἠγερέθοντο,

87 1857 174 1955 ἀμφὶ
196 1865 301 1951 μέγαν
324 1867 490 1955 Πετραῖον
517 1856 562 1933 ἰδ’
592 1857 763 1947 ’Λοβολον
786 1852 967 1942 οἰωνιστήν,

84 1985 223 2080 Ἄρκτον
253 1987 287 2058 θ’
298 2038 307 2070 ,
344 1985 462 2082 Οἱίριόν
485 2015 534 2068 τε,
571 1993 794 2099 μελαγχαίτην
815 2014 850 2058 τε
869 1993 1039 2075 Μίμαντα,

89 2109 222 2183 καὶδύο
247 2119 443 2200 Πευκείδας,
477 2110 665 2210 Περιμήδεά
690 2143 725 2185 τε
749 2110 900 2209 Δρύαλόν
923 2132 974 2183 τε·

88 2235 252 2336 άργύρεοι,
285 2247 422 2335 χρυσέας
439 2239 563 2325 ·έλάτας
588 2249 621 2315 έν
638 2250 749 2338 χερσίν
773 2245 908 2334 ἔχοντες.

88 2367 144 2432 καί
167 2393 202 2434 τε
226 2373 416 2456 συναΐγδην,
443 2367 521 2451 ’ύςεὶ
544 2376 620 2456 ζωοί
643 2399 702 2464 περ
727 2368 842 2454 ε’όυτες,

88 2491 212 2580 ἔγχεσιν
234 2489 286 2576 ἠδ’
315 2491 429 2592 ε’λύτφς
454 2493 651 2587 αὐτοσχεδόν
675 2494 866 2593 ὠριγνῶντο,

187 2615 242 2690 Ἐν
265 2617 298 2694 δ’
326 2619 450 2716 ’Ἄρεος
473 2617 647 2717 βλοσυροῖο
671 2621 827 2707 ποδώκεες
852 2631 995 2695 ἕστασαν
1017 2624 1119 2706 ἰ’ππυι,

88 2740 237 2840 χρύσεοι·
260 2752 293 2819 ἐν
314 2755 349 2819 δέ
372 2758 428 2820 καὶ
453 2746 553 2831 αύτὸς
575 2749 757 2845 έναρφόρος
778 2749 888 2834 ούλιος
912 2750 1030 2846 Ἤρης,

90 2873 213 2964 αἰχμὴν
235 2879 269 2946 ἐν
290 2878 448 2972 χείρεσσιν
472 2878 567 2966 ἔχων,
603 2882 774 2969 πρυλέεσσι
798 2875 941 2957 κελεύων,

90 3003 209 3093 α’ίματι
234 3001 421 3100 φοινικόεις,
459 3001 529 3087 ὡςεί
551 3001 652 3088 ζωούς
677 3007 836 3099 ἐναρίζων,

91 3136 199 3229 δίφρῳ
225 3127 445 3222 ἐπεμβεβαώς·
469 3129 560 3225 παρά
584 3133 618 3199 δέ
642 3125 758 3220 Δεῖμός
777 3157 813 3200 τε
839 3125 951 3219 Φόβος
975 3160 1009 3202 τε
1031 3120 1033 3128 ⁸

92 3263 254 3338 ἵστασαν,
287 3262 406 3347 ἱέμενοι
429 3252 572 3347 πόλεμον
592 3254 812 3348 καταδύμεναι
836 3254 974 3354 ἀνδρῶν.

93 3391 130 3455 έν
153 3390 187 3455 δὲ
211 3383 287 3468 Διὸς
310 3382 481 3482 θυγάτηρ,
516 3384 641 3480 ἀγελείη
672 3392 883 3480 Τριτογένεια,
954 3452 957 3458 .

94 3516 138 3613 τῇ
161 3512 263 3596 ι’κέλη,
298 3500 369 3594 ὡςεί
395 3541 430 3583 τε
456 3509 563 3603 μάχην
584 3518 748 3582 ἐθέλουσα
771 3507 948 3604 κορύσσειν,

95 3644 190 3730 ἔγχος
210 3637 310 3730 ἔχουσι’
340 3645 374 3712 ἐν
391 3648 482 3734 χερσί
503 3644 641 3732 χρυσέην
664 3666 699 3711 τε
724 3634 931 3731 τρυφάλειαν,

97 3768 212 3856 αἰγίδα
238 3764 263 3837 τ’
292 3763 372 3863 ἀμφ’
400 3765 514 3858 ὤμοις·
540 3771 591 3871 ἐπὶ
616 3764 649 3836 δ’
677 3764 775 3860 ᾤχετο
802 3760 945 3858 φύλοπιν
969 3760 1072 3848 αἰνήν.
1195 3777 1248 3830 τοι)

193 3890 250 3965 Ἕν
275 3891 305 3961 δ’
331 3885 372 3977 ἦν
400 3889 581 3967 ἀθανάτων
608 3891 694 3987 ἱερός
720 3886 836 3984 χορός·
864 3894 897 3961 έν
919 3885 949 3956 δ’
976 3886 1042 3983 άρα
1066 3893 1174 3988 μέσσφ

96 4018 228 4115 ἱμερόεν
250 4017 398 4116 κιθάριζε
419 4019 495 4103 Διὸς
516 4030 572 4091 καὶ
592 4023 726 4104 Λητοῦς
746 4017 817 4099 υίός

93 4157 228 4245 χρυσείη
253 4144 426 4243 φόρμιγγι·
453 4153 543 4219 θεῶν
567 4145 602 4253 δ’Ι
626 4151 697 4229 ἕδος
721 4140 831 4234 άγνυτ’
860 4138 1034 4233 Ὄλυμπος.

96 4283 136 4348 ἓν
160 4274 193 4345 δ’
224 4274 343 4371 άγορίη,
379 4283 452 4371 περὶ
475 4274 507 4346 δ’
537 4275 635 4367 ὄλβος
656 4273 818 4365 ἀπείριτος
846 4269 1049 4368 ἐστεφάνωτο

95 4401 286 4482 ἀθανάτων
307 4411 342 4477 ἐν
362 4402 478 4498 άγῶνι·
506 4413 586 4477 θεαὶ
611 4403 643 4475 δ’
672 4404 802 4502 ἐξῆρχον
827 4381 939 4489 άόιδῆς
