3044 5264
206 403 288 481 564
534 403 762 482 CARMINIS
797 402 953 480 ORIGO.

206 611 361 713 perspici
387 616 561 706 possunt,
598 606 740 680 facilius
764 604 893 704 aliquis
914 603 1100 676 satisfacit.
1155 602 1310 676 Tamen

206 716 326 787 nescio
359 737 430 809 quo
464 707 568 779 modo
604 707 814 805 plerumque
846 708 983 778 animos
1015 704 1120 777 hodie
1146 704 1197 776 ad
1229 707 1309 802 pri·

206 841 287 889 orca
317 811 397 884 illas
423 808 639 908 philologiae
666 821 783 907 partes
810 808 979 879 festinare
1003 803 1118 879 video.
1184 807 1307 905 Equi·

207 916 287 988 dem
313 917 351 986 in
377 912 523 985 alteram
545 913 638 982 viam
665 907 890 1008 ingrediendi
918 906 1101 1004 cupidior,
1154 909 1198 979 in
1229 932 1306 1006 qua
1350 961 1353 965 -

206 1019 283 1115 ipsu
310 1041 415 1112 saepe
444 1009 648 1083 dubitanter
678 1037 744 1082 nec
777 1012 854 1081 sinc
882 1035 1010 1107 magno
1044 1011 1170 1081 timore
1199 1011 1305 1082 incc-

207 1118 347 1207 dimus‚
390 1112 435 1186 ub
468 1112 535 1184 lruc
570 1112 864 1184 commentatione
897 1137 936 1182 ea
976 1108 1099 1181 saltam
1138 1113 1303 1209 seiunge

208 1219 348 1307 omniu,
399 1240 489 1314 quac
518 1215 624 1284 nimis
651 1216 785 1285 incerta
813 1223 848 1285 ct
873 1209 979 1282 dubia
1007 1237 1084 1283 csse
1110 1224 1217 1308 puto.

310 1320 435 1414 ltaque
480 1341 552 1387 non
589 1314 755 1411 disputo,
813 1315 913 1411 quis
954 1324 1109 1384 auctor
1153 1313 1303 1386 suerit

207 1422 308 1497 Scuti
334 1414 517 1490 Herculei.
572 1414 766 1488 llcsiodum
790 1417 907 1506 enim,
951 1440 1057 1513 quem
1076 1415 1207 1487 Graeci
1234 1441 1300 1486 an·

206 1524 380 1621 tiquiores
416 1518 600 1590 nominare
637 1526 923 1605 consueverunt,
977 1538 1127 1614 quorum
1154 1541 1236 1588 mos
1262 1528 1300 1590 et

206 1636 332 1700 natura
359 1622 445 1691 artis
474 1621 616 1690 criticae
645 1622 867 1690 severitatem
900 1616 961 1687 diu
989 1618 1165 1715 refugisse
1196 1617 1299 1691 vide·

206 1737 286 1816 tur,
339 1722 532 1825 quominus
559 1733 738 1817 umquam
765 1721 883 1819 operis
914 1730 1094 1792 auctorem
1120 1718 1298 1815 produca-

206 1852 311 1916 mus,
377 1823 447 1893 iam
492 1814 791 1917 ea'impediunt,
843 1845 933 1917 quae
978 1818 1150 1892 lractenus
1191 1847 1297 1892 enar·

206 1929 378 2000 ravimus.
467 1923 534 1994 Cui
578 1920 743 1993 manibus
789 1923 920 1993 nostris
964 1919 1141 1993 subducto
1183 1921 1298 1994 alium

205 2039 347 2129 poetam
379 2022 593 2096 substituere
618 2022 733 2115 velle,
777 2025 1002 2095 temerarium
1029 2022 1131 2094 soret
1203 2023 1299 2118 Quis

207 2132 303 2204 enim
335 2151 459 2196 ucrum
497 2125 674 2221 reperiat,
724 2122 788 2194 ubi
820 2126 890 2195 iam
926 2136 1086 2215 veteres,
1135 2135 1297 2222 tempore

205 2229 315 2325 longe
346 2228 530 2322 propiores
556 2235 618 2294 aut
646 2226 684 2292 in
711 2250 865 2296 errorem
891 2226 983 2320 lapsi
1015 2236 1118 2316 sunt,
1168 2238 1232 2298 aut
1259 2230 1299 2298 iu

208 2328 448 2400 dubitationes
470 2323 697 2395 inciderunt?
775 2325 893 2396 Unum
919 2325 1049 2398 audere
1075 2326 1229 2400 sortasse
1255 2328 1299 2399 li·

207 2440 266 2504 cet
298 2452 377 2500 curu
411 2427 498 2497 viris
526 2425 662 2515 doctis,
703 2425 772 2498 cle.
800 2421 893 2498 Bod.
920 2424 1005 2500 bist.
1034 2453 1133 2523 poes.
1160 2427 1291 2504 Graec.

207 2530 250 2622 Ι,
293 2555 329 2625 p.
359 2523 455 2599 tttt.
543 2526 694 2622 Qualem
739 2528 833 2603 cuim
879 2526 1135 2624 rlrapsodorum
1182 2544 1299 2605 artem

207 2643 246 2707 st
282 2629 505 2726 disciplinam
543 2655 588 2702 cx
628 2639 787 2703 veterum
832 2627 974 2701 indiciis
1008 2641 1044 2702 ct
1084 2633 1299 2708 testimoniis

208 2731 314 2808 nobis
352 2733 572 2828 cogitamus:
638 2727 744 2801 talem
791 2741 951 2800 nostrum
998 2733 1101 2803 stiam
1151 2759 1297 2806 carmen

206 2836 315 2930 sapit.
368 2832 460 2903 Nam
489 2832 551 2929 qui
574 2830 772 2903 Homericis
792 2830 1051 2930 Hcsiodeisquc
1077 2834 1299 2907 carminibus

208 2933 353 3034 publice
378 2931 569 3008 recitandis
595 2957 737 3027 operam
766 2929 917 3021 dabant,
957 2934 987 3004 si
1020 2932 1107 3031 qnid
1136 2939 1204 3032 ipsi
1233 2963 1298 3007 au·

209 3036 336 3107 darent
360 3032 553 3130 aliquando
574 3058 807 3128 componere,
845 3059 957 3129 pacnc
983 3036 1086 3108 iuviti
1111 3050 1147 3108 et
1172 3051 1298 3110 contra

209 3161 309 3233 spem
335 3160 435 3209 suum
461 3133 749 3231 voluntatemque
774 3132 820 3203 ad
846 3159 884 3205 ea
912 3134 1161 3228 recurrebant,
1202 3165 1299 3236 quac

208 3232 426 3310 imbiberant
445 3238 570 3330 pueri,
608 3236 702 3307 etin
725 3233 856 3332 quibus
879 3235 1079 3310 ediscendis
1101 3264 1165 3334 per
1187 3252 1299 3313 totam

209 3338 319 3409 vitam
355 3334 464 3413 defixi
497 3336 654 3407 fuerant.
729 3334 841 3409 lidcm
876 3361 985 3425 vero,
1036 3340 1123 3436 quid
1148 3343 1297 3432 mirum,

211 3439 244 3511 si
269 3447 305 3510 et
330 3438 465 3535 gloriae
498 3463 617 3510 amore
649 3445 685 3508 et
719 3447 864 3532 propter
897 3438 1096 3510 auditorum
1123 3440 1296 3531 indolem,

211 3565 302 3612 nova
337 3548 371 3609 et
406 3537 562 3610 inaudita
595 3536 719 3609 andire
754 3538 996 3632 cupientium,
1049 3565 1154 3638 saepe
1187 3568 1225 3616 sc
1252 3541 1299 3616 ab

211 3638 401 3716 Homerica
428 3641 564 3714 ratione
599 3662 779 3710 removero
818 3636 1024 3730 studerent,
1070 3653 1104 3714 ct
1138 3643 1299 3740 splendi-

213 3740 357 3812 dissima
382 3763 544 3836 quaeque
576 3736 792 3814 carminibus
826 3741 902 3813 suis
926 3741 1150 3815 insererent?
1200 3743 1299 3820 Hinc

212 3843 326 3940 igitur
351 3851 541 3937 utrumque
569 3839 673 3913 facile
698 3837 915 3935 explicatur,
951 3842 1203 3919 dissimilitudo
1236 3862 1302 3921 aut

213 3941 372 4014 studiose
405 3943 587 4038 quaesita,
636 3951 699 4016 aaut
733 3966 778 4011 ex
812 3937 972 4016 diversae
1016 3949 1140 4018 aetatis
1179 3946 1301 4022 colore

213 4055 316 4130 nata,
365 4051 402 4115 ct
434 4040 586 4138 simplex
617 4040 676 4114 illa
711 4043 897 4136 cognatio,
951 4068 1042 4143 quae
1068 4050 1233 4122 omnibus
1261 4053 1301 4122 in

212 4141 377 4240 partibus
403 4167 480 4214 sese
506 4142 637 4239 prodit.
692 4139 977 4234 Quocumenim
1003 4150 1301 4226 consuetudinem

214 4240 369 4336 aliquam
403 4245 589 4317 arctiorem
621 4244 881 4334 contraximus,
935 4248 965 4318 is
998 4260 1037 4320 ut
1072 4248 1161 4322 clam
1197 4256 1302 4349 quasi

215 4343 342 4436 irrepit
377 4355 518 4417 nostros
552 4345 590 4421 iu
626 4345 762 4416 animos
796 4343 1070 4448 firmissimeque
1103 4377 1167 4423 nos
1202 4367 1303 4427 tenet

216 4437 382 4542 viuculo,
420 4444 468 4527 ita
493 4441 675 4546 Rbupsodi
699 4443 744 4518 ab
764 4444 920 4527 llomcro
937 4448 1188 4550 Hcsiodoquc,
1228 4478 1304 4530 ma·

1339 2715 1347 2764 l
