3044 5264
358 427 640 508 APPARATUS
670 432 894 513 CRlTlCUS.
1091 425 1171 503 229

40 635 44 642 ’
87 657 124 728 p.
144 626 224 700 201
264 630 362 704 »ἄλλ’
392 632 459 726 ἄρα
484 643 548 707 τῶν
570 666 608 726 με
632 634 690 723 ἥδε
714 645 776 728 μὲν
796 634 962 710 ἀλλάων·
1026 635 1171 734 Optime

87 731 249 831 profecto
277 731 524 823 Hermanuus,
562 735 647 806 ἀλλ’
676 736 743 830 ἄρα
776 737 835 829 ἥγε
856 746 921 808 τῶν
944 768 991 830 με
1016 753 1090 831 μὲν
1114 741 1172 813 ἄλ·

86 834 200 906 toinus
228 830 298 903 dici
324 858 396 905 non
422 858 526 928 posse
552 837 703 906 censuit.
758 847 802 910 It
826 849 887 930 μὲν
920 837 1014 909 enim
1049 841 1080 910 si
1110 865 1170 913 ve·

86 959 165 1003 rum
192 943 303 1023 esset,
342 932 387 1003 ab
413 933 480 1006 hue
512 961 618 1008 versu
645 962 776 1008 novum
813 934 1009 1009 membrum
1036 941 1169 1037 inuipe·

85 1044 162 1124 ret,
204 1044 245 1104 ut
278 1034 315 1103 in
342 1034 478 1106 Herod.
500 1035 587 1126 Vll,
610 1033 694 1109 245
728 1040 841 1115 ιἜσιι
876 1048 910 1113 ἐν
942 1052 982 1141 τῇ
1007 1049 1171 1116 Λακεδαί-

84 1168 161 1229 μονι
181 1139 335 1230 Σπάρτη,
370 1139 467 1222 πόλις
497 1138 625 1234 ἀνδρῶν
657 1140 898 1233 &nazanzenus
932 1144 1078 1235 μάλιστά
1113 1165 1169 1232 κη·

84 1232 180 1311 οἶτον
212 1237 332 1321 πάντες
367 1240 429 1312 εἰσὶ
465 1239 576 1332 ὁμοῖοι
618 1252 705 1317 τοῖσι
739 1242 861 1314 ἐνθάδε
897 1253 1169 1336 μαχεσαμένοισι·

85 1340 122 1410 οἳ
143 1370 181 1430 με
212 1351 273 1430 μὲν
297 1340 392 1412 ἄλλοι
420 1341 680 1433 Λακεδαιμόνιοι
703 1343 851 1415 τούτοισι
874 1356 935 1437 μὲν
960 1345 1020 1417 οὐκ
1046 1346 1168 1437 ὁμοῖοι,

27 1485 31 1494 -
84 1438 216 1531 ἀγαθοὶ
246 1447 321 1523 tt«,
362 1465 479 1536 neque
509 1442 581 1519 ἀλλ’
618 1444 687 1539 ἄρα
715 1443 775 1536 ἥγε
810 1454 931 1537 posset
960 1445 1166 1540 procedere.

36 1593 42 1604 .
85 1537 207 1630 Quare
232 1538 499 1612 rescribendum
523 1553 577 1613 est
603 1544 701 1617 »ἄλλ’
731 1545 799 1639 ἄρα
819 1543 879 1637 ἦγε
911 1553 1011 1619 τῶνδε
1034 1557 1094 1640 μὲν
1114 1552 1169 1620 ἀλ·

83 1646 272 1716 λα’ωνμῆ-
321 1645 491 1739 προφερής
515 1645 546 1716 τ’
574 1639 632 1743 ἦν]
652 1645 821 1742 προφερής
838 1676 873 1718 τε
896 1646 945 1714 Α·
984 1647 1171 1749 τιροςιρερής

82 1743 113 1814 τ’
138 1738 180 1832 ἦν
205 1741 246 1811 C.
301 1754 470 1840 προῳέρης
493 1750 528 1816 τ*
553 1739 595 1832 ἦν
619 1771 667 1813 m.
722 1745 950 1815 Herrnanuus
975 1746 1059 1816 olim
1085 1772 1169 1843 pro·

43 1917 63 1922 ,,
81 1852 202 1938 pterea
229 1842 325 1938 quod
346 1845 514 1942 προφερής
538 1846 576 1913 in
608 1846 761 1941 positivo
792 1871 865 1916 non
887 1847 1036 1942 reperiri
1066 1856 1168 1942 puta·

82 1941 163 2033 tat,
190 1954 327 2016 mutare
354 1943 514 2036 volebat,
542 1956 581 2016 ut
605 1958 667 2016 aut
691 1950 940 2047 προφερεστάτη
964 1958 1027 2018 eut
1052 1979 1170 2046 προγε·
1272 1999 1275 2013 2

80 2047 219 2132 νεστάτη
253 2042 487 2135 scriberetur,
531 2049 638 2118 etiam
669 2048 821 2151 reliquis
846 2047 1030 2119 vocubulis
1056 2059 1168 2118 muta-

81 2147 147 2238 tis3
186 2171 280 2217 nunc
305 2145 442 2217 verul.
472 2146 499 2216 l.
527 2146 623 2220 hane
646 2149 857 2220 sententiam
884 2147 1055 2247 reliquit,
1082 2148 1168 2221 alla·

83 2248 128 2318 tis
162 2273 207 2317 ex
247 2246 373 2342 steph.
409 2246 594 2320 Thesauro
635 2250 727 2320 Plat.
766 2248 925 2347 Euthyd.
966 2250 1099 2347 p.lB
1132 2260 1169 2322 et

80 2347 211 2420 Aesch.
247 2374 279 2420 e.
307 2348 491 2420 Timareh.
531 2349 567 2449 ἓ.
588 2345 656 2420 49.
707 2357 815 2425 ntum
838 2355 986 2448 μὲνγὰρ
1017 2359 1087 2426 νέοι
1114 2353 1171 2427 ὅν-

80 2481 133 2534 τες
158 2465 330 2549 προφερεῖς
355 2463 411 2525 καὶ
436 2458 649 2550 πρεσβύτεροι
672 2459 867 2548 φαίνονται*
902 2466 982 2526 ἔνιοι
1007 2462 1042 2526 δὲ
1065 2456 1169 2528 πολὺν

80 2551 232 2646 ἀριθμὸν
253 2555 373 2644 χρόνον
407 2555 590 2644 γεγονότες,
637 2557 829 2626 παντάπασι
853 2565 923 2627 νέοι
947 2563 1101 2629 δοκοῦσιν
1125 2552 1169 2627 εἶ·

79 2682 171 2726 m«
197 2667 248 2704 ’-
298 2654 507 2748 πρεσβυτάτη
532 2663 584 2750 τε]
607 2654 814 2748 πρεσβυτάτη
840 2652 891 2750 (τε
911 2652 1008 2753 σω.)
1030 2654 1113 2725 SV.

183 2751 240 2822 De
276 2750 392 2822 tribus
438 2752 574 2822 ultimis
620 2751 782 2824 versibus
827 2740 996 2851 colligere
1051 2753 1179 2846 volui,.

79 2877 315 2949 quaecuuque
341 2853 379 2923 in
405 2851 507 2923 libris
533 2864 693 2944 exstant,
738 2878 834 2924 nunc
876 2880 993 2924 meum
1021 2854 1066 2926 de
1093 2865 1168 2926 tuto

79 2953 158 3025 loco
206 2953 376 3025 iudiuium
423 2954 712 3050 interpositurus.
800 2954 1031 3026 Hermannus
1070 2957 1166 3027 euim

80 3055 237 3152 (lpusce.
267 3055 293 3124 l.
321 3057 348 3126 l.
386 3081 424 3151 p.
442 3052 525 3124 209
550 3081 623 3125 nou
649 3057 727 3126 sine
749 3082 878 3153 magua
903 3059 1061 3128 veritatis
1087 3082 1167 3153 spe·

80 3157 133 3228 uie
172 3167 207 3227 et
245 3168 390 3253 propter
423 3155 571 3253 copulae
608 3155 784 3230 delectum
817 3167 854 3229 et
885 3159 968 3255 quia
1001 3163 1087 3229 haee
1121 3157 1171 3230 ‹le‘

80 3259 201 3328 Parcis
234 3259 389 3329 narratio
415 3283 457 3329 ua
489 3257 659 3348 dissecat,
705 3283 796 3357 qaae
826 3271 929 3354 poete
961 3259 1005 3331 de
1043 3261 1167 3332 mortis

79 3356 200 3448 Fatis,
250 3384 341 3457 quae
375 3368 492 3459 Κῆρας
531 3358 708 3455 appellat,
759 3362 958 3449 enarravit,
1006 3360 1051 3431 «le
1087 3363 1168 3433 luco

80 3485 147 3530 suo
173 3485 233 3533 eos
258 3461 406 3558 depulit.
478 3461 680 3558 Utrumque
706 3462 830 3558 negari
856 3487 928 3531 uon
953 3472 1072 3557 potest
1102 3463 1167 3533 ali·

81 3588 187 3659 quam
220 3562 460 3633 difficultatem
500 3587 635 3633 creare.
713 3562 832 3652 Nam,·
877 3572 919 3632 ut
952 3563 997 3634 de
1038 3562 1167 3659 copula

81 3666 210 3734 omissa
265 3677 420 3752 taceam,
492 3688 617 3734 versus
678 3674 869 3759 sequentes
912 3658 987 3733 261
1016 3705 1067 3719 -
1087 3659 1169 3733 265
1265 3726 1268 3733 .

80 3790 163 3836 uum
187 3765 231 3833 iis
257 3763 469 3854 cohaerere,
508 3764 571 3860 qui
606 3764 824 3858 praecedunt
853 3766 934 3863 »ἂψ
968 3764 999 3837 δ’
1038 3764 1168 3858 ὅμαδον

80 3877 136 3940 καὶ
171 3873 282 3959 μῶλον
324 3866 463 3941 ἐθύνεον
507 3861 600 3950 αὖτις
647 3869 784 3941 ianuas«
838 3867 1017 3941 neminem
1055 3863 1167 3938 latere

81 3968 211 4060 putuit.
303 3968 423 4062 Atque
473 3967 544 4037 iam
590 3965 835 4064 Guettlingiujs
877 3966 946 4038 hoe
990 3976 1164 4056 senserat,

81 4063 144 4136 ubi
190 4067 298 4137 »Nou
334 4066 520 4163 loquitur«
564 4069 635 4155 ait,
680 4066 749 4138 »de
777 4068 900 4138 Paruis
933 4079 1061 4163 poeta,
1102 4067 1167 4140 sed

82 4165 125 4241 de
151 4177 277 4264 Κηρσὶ,
313 4167 357 4238 ιιιΙ
382 4194 470 4264 quas
496 4171 700 4240 revertitur.
753 4167 847 4239 Nam
873 4191 997 4242 versus
1023 4164 1166 4238 258-

79 4263 163 4338 260
206 4270 308 4366 quasi
340 4267 562 4365 parenthesis
587 4271 702 4367 signis
731 4267 937 4340 includendi
971 4281 1080 4341 sunt«
1115 4271 1166 4341 ei·

81 4394 152 4465 que
176 4367 243 4442 liae
269 4370 307 4440 in
328 4395 371 4441 re
403 4369 450 4441 0.
472 4368 649 4442 Mitllerus
675 4368 703 4441 l.
731 4369 758 4441 l.
792 4396 958 4443 assensus
984 4380 1052 4443 est.
1108 4370 1166 4443 si·

79 4468 164 4546 mile
200 4470 289 4573 quid
314 4471 470 4546 Guietua
501 4475 703 4573 suspicatus
745 4471 875 4548 fuerat·
941 4472 1025 4549 »Au
1057 4481 1166 4575 Κῆρες
