3044 5264
207 435 287 518 aaa
500 392 823 524 nxnuamam
847 441 1009 525 unua

207 666 279 733 tam
303 641 504 745 habebant,
538 651 676 727 seducti
708 664 813 746 sunt,
847 645 889 726 nt
913 655 991 727 ciue
1013 653 1223 728 auctoritate
1251 650 1303 731 ad

207 759 419 857 scripturam
447 754 704 828 emendandam
736 768 936 846 uterentur.
1016 755 1129 827 Cuius
1163 757 1302 828 erroris

208 863 248 933 in
273 858 558 933 communionem
583 847 810 932 Muetuellius
845 879 883 931 se
918 856 1035 954 abripi
1061 883 1188 955 passus
1226 870 1299 947 est,

207 971 251 1036 ut
276 961 346 1032 iam
380 971 482 1033 autea
509 958 679 1031 diximus.
747 958 888 1032 Deinde
918 956 1141 1032 Commelino
1172 963 1301 1058 cogni·

208 1065 342 1144 tionem
372 1059 458 1136 libri
483 1059 634 1134 Palatini
660 1057 852 1153 dommus,
896 1061 1048 1134 Heinsio
1079 1059 1301 1134 adolescenti

192 1164 279 1253 eir.
319 1160 474 1236 casaub.
521 1164 626 1259 epist.
661 1159 740 1234 599
784 1162 914 1234 Almel.
958 1175 996 1237 et
1034 1162 1111 1247 Jos.
1156 1162 1296 1264 Scalig.

208 1266 326 1367 lipist.
376 1264 546 1337 Franeol.
583 1260 710 1357 1628,
768 1291 806 1363 p.
834 1260 936 1356 255,
993 1285 1155 1337 errorum
1205 1290 1301 1336 non·

209 1368 391 1442 nullorum
427 1363 708 1439 emendationem
744 1379 780 1441 et
813 1366 1028 1440 scholiorum
1064 1388 1191 1439 novam
1223 1365 1300 1438 eol·

209 1470 415 1560 lectionem,
443 1468 566 1539 Pauori
587 1478 622 1542 et
637 1467 1085 1567 Collegiumllesiodeum,
1112 1468 1209 1567 qnod
1235 1493 1300 1541 vo·

210 1573 327 1664 cavit,
362 1582 398 1643 et
423 1569 460 1640 ln
486 1567 594 1641 rebus
620 1572 859 1668 grammaticis
884 1571 1052 1643 maiorem
1075 1569 1300 1667 diligentiam

210 1683 248 1748 et
291 1670 599 1770 aequabilitatem,
662 1672 816 1745 Graevio
858 1673 1047 1745 Lectiones
1086 1669 1299 1762 Hesiodeas‚

212 1772 458 1874 Scaligerique
484 1782 519 1844 et
545 1772 668 1845 Guieti
694 1772 1045 1864 animadversiones,
1091 1771 1302 1845 Robinsono

211 1875 293 1952 eod.
321 1875 507 1949 Harleiani
529 1876 706 1965 notitiam,
732 1870 928 1969 Loesnero,
955 1873 1198 1948 collectionem
1220 1876 1299 1947 aui·

212 1978 499 2052 madversionum
524 1988 561 2050 et
586 1979 704 2050 variae
724 1975 910 2070 lectionis,
938 1975 1088 2076 reliquis
1113 1976 1182 2049 alia
1208 2000 1300 2048 non·

214 2079 314 2154 nulla
336 2077 437 2151 haud·
454 2080 577 2176 magni
601 2081 720 2175 pretii.

316 2179 508 2276 Superest,
541 2191 583 2251 ut
607 2179 652 2252 de
676 2181 740 2251 Er.
769 2173 989 2270 Schmidtio,
1016 2180 1107 2252 Rad.
1135 2178 1302 2253 Winter-

214 2295 315 2372 tono‚
344 2281 402 2352 Fr.
425 2278 556 2352 Guieto
585 2292 621 2352 et
640 2281 856 2355 Ruhnkeuio
878 2281 986 2354 verba
1014 2283 1152 2356 faciam.
1209 2280 1303 2353 Nam

216 2385 281 2457 Er.
316 2380 535 2454 Schmidtius
575 2380 848 2483 (Vitembergae
873 2380 1004 2484 ’1612)
1045 2408 1125 2457 oum
1163 2383 1303 2456 Melan·

217 2483 384 2559 ebtlrouis
414 2485 637 2557 enarratione
665 2485 860 2558 Hesiodum
887 2487 1069 2579 editurus,
1106 2485 1304 2558 Basileensi

218 2586 362 2686 quidem
390 2585 575 2658 Heniselrii
610 2588 803 2685 exemplari
839 2613 926 2661 usus
961 2601 1039 2680 est,
1077 2586 1140 2662 sed
1166 2588 1305 2659 ratione

218 2688 388 2786 perquam
422 2686 612 2780 laudabili,
650 2691 697 2760 ita
730 2700 770 2760 ut
800 2688 932 2762 multos
958 2690 1079 2789 lapsus
1112 2693 1190 2761 eiua
1218 2685 1311 2758 libri.

218 2792 372 2864 feliciter
390 2791 480 2862 eorri
507 2801 596 2881 eret,
624 2789 839 2889 linguaeque
853 2790 1008 2864 Graecae
1027 2793 1188 2888 peritiam
1209 2787 1304 2860 baud

218 2892 401 2990 vulgarem
425 2816 605 2988 prolatet.
680 2893 746 2964 Est
776 2895 839 2965 ubi
872 2895 1086 2965 coniecturis
1124 2892 1221 2965 loeos
1247 2917 1304 2961 sa·

218 3019 304 3066 uare
326 3005 475 3065 conetur
491 2992 553 3093 ¹⁴).
610 2996 733 3091 ltaque
760 3021 851 3093 quae
877 2997 955 3067 sine
981 2994 1084 3065 libris
1104 2994 1164 3065 illa
1189 3003 1302 3064 aetate

218 3097 391 3193 praestari
427 3105 610 3192 poterant,
652 3120 736 3167 vere
771 3098 988 3193 praestitisse
1029 3093 1190 3188 videtnr3
1235 3116 1303 3163 nee

219 3197 298 3268 sine
323 3194 442 3267 fructu
470 3222 551 3269 eam
570 3198 749 3269 consulas.
801 3197 886 3269 Non
912 3200 1031 3269 minus
1056 3193 1304 3270 commendan-

219 3294 303 3367 dum
340 3307 394 3369 est
429 3297 656 3370 Wintertoni
694 3298 895 3396 exemplar,
941 3301 1096 3397 primum
1133 3295 1303 3370 Cantaba.

219 3394 324 3470 1655
351 3398 506 3490 editum,
544 3399 607 3472 sed
633 3410 754 3497 postea
780 3400 875 3498 apud
901 3401 1042 3500 Anglos
1071 3426 1177 3497 saepe
1203 3423 1304 3494 repe·

219 3502 349 3592 titum,
377 3503 654 3573 necimmerito.
709 3501 801 3572 Nam
828 3502 1000 3600 Stephani
1026 3513 1161 3575 textum
1184 3500 1307 3596 impri-

221 3604 289 3672 mis
315 3613 506 3674 metrorum
530 3605 666 3674 ratione
692 3601 813 3676 lrabita
838 3604 979 3703 aequali
999 3630 1082 3676 eura
1099 3601 1304 3691 emendare,

221 3703 415 3802 multisque
448 3706 485 3775 in
520 3703 607 3775 loeis
639 3716 700 3776 aut
728 3704 808 3776 aliis
841 3731 887 3778 ex
918 3704 1021 3777 libris
1054 3715 1116 3777 aut
1151 3731 1195 3777 ex
1220 3728 1306 3774 eon·

222 3804 354 3878 iectura
379 3803 522 3877 meliora
549 3806 677 3878 allerre
703 3807 853 3878 studuit.
908 3809 1134 3897 Peccassem,
1163 3807 1305 3902 opinor,

222 3907 293 3978 uisi
319 3908 507 4005 utriusque
532 3905 640 3978 huius
666 3906 812 3980 editoris
838 3911 876 3981 in
895 3910 1080 4008 Apparatu
1102 3933 1182 3978 meo
1207 3931 1307 3977 meu·

222 4008 355 4080 tionem
381 4009 586 4106 saepissime
607 4010 828 4102 iniecissem,
868 4011 932 4110 qui
954 4009 1022 4085 soli
1043 4009 1222 4083 interdum
1247 4032 1308 4079 ve·

227 4193 516 4212 ffi—

250 4325 305 4411 ⁶ll)
319 4325 547 4413 „Duofxemple
565 4331 688 4412 efferam.
724 4332 756 4388 ln
775 4348 816 4386 rs.
834 4335 868 4388 to
885 4350 969 4402 quum
987 4335 1124 4390 Heniscla
1142 4335 1314 4413 scripsisset

228 4413 275 4452 »oa
293 4413 329 4475 po
353 4414 403 4447 ποτ
438 4400 529 4459 lmen
555 4403 664 4456 addidit
687 4401 822 4456 Schmidt.
846 4405 881 4456 ad
907 4422 1039 4460 numeros
1063 4405 1254 4460 restituendos
1279 4405 1312 4464 ὡς

225 4481 263 4520 τις
287 4484 320 4545 aa
342 4464 375 4514 oti
394 4484 446 4550 pot
470 4471 553 4521 trau
582 4471 625 4525 la.
648 4487 687 4524 vs.
708 4476 748 4526 ll.
774 4473 914 4531 Henioch.
942 4467 980 4546 »ἢ
1002 4474 1054 4546 μὴν
1075 4477 1178 4547 πατέρα
1199 4476 1310 4528 lutilos«

227 4531 354 4589 &turer
372 4554 404 4604 aq
419 4535 471 4605 μήν
487 4539 512 4591 ol
527 4539 616 4612 πατέρ’
634 4536 750 4596 ludicius
1069 4545 1073 4553 '
