3044 5264
216 389 300 466 248
496 390 777 473 APPABATUS
803 387 1032 466 CRlTlCUS.
1147 383 1159 467 J

215 600 293 676 Alii
318 598 436 672 aliter·
502 598 591 670 Rem
622 595 786 689 conticit,
835 595 907 666 nisi
931 591 1061 685 fallor,
1106 589 1220 665 schel.
1251 617 1317 691 pa-

215 702 340 801 raphr.
368 699 409 792 f,
458 701 521 798 qui
553 723 615 773 ecs
647 724 796 790 versus,
844 698 908 796 qui
942 695 1097 766 maxime
1131 692 1316 793 legentem

215 801 385 894 turbant,
420 802 541 874 omisit
578 803 700 877 »ἄλλοι
726 810 761 875 δὲ
785 799 1012 895 λαμβάνοντες
1042 798 1111 873 ἀπὸ
1145 804 1211 891 τοῖν
1236 830 1319 896 τρυ-

216 906 368 1006 γητήρων
398 905 476 990 τοὺς
500 907 622 1008 βότρυς
646 914 764 1001 ἔφερον
796 905 842 988 εἰς
865 910 1106 986 καλαθίσκονς.
1145 899 1226 996 παρ’
1257 905 1318 974 ari·

216 1020 288 1096 τοῖς
313 1016 348 1082 δὲ
372 1005 473 1101 ὄρχος
497 1017 554 1080 καὶ
587 1006 678 1092 τιίξις
708 1006 861 1101 χρύσεος,
907 1002 1075 1096 σειόμενος
1110 1007 1145 1075 ἐν
1175 1001 1319 1099 φύλλοις

216 1121 274 1190 καὶ
298 1109 528 1203 στηριζόμενος
557 1115 592 1182 ἐν
617 1112 770 1204 ἀργυροῖς
794 1104 949 1197 κοίμαξιν,
986 1103 1069 1199 ίίπερ
1093 1100 1204 1180 πάντα
1231 1105 1319 1183 είσίν

212 1213 335 1300 Υίνὸοξα
355 1223 434 1306 ἔργα
469 1215 532 1284 τοῦ
556 1218 716 1306 περισσῶς
738 1213 905 1309 φρονίμου
933 1206 1149 1306 Ἡφαίστου,
1174 1250 1226 1271 -a-
1262 1213 1319 1298 με’-

216 1345 290 1412 μον
311 1321 345 1387 ἐν
367 1319 552 1409 σταφυλαῖς
580 1320 694 1381 cett«
731 1334 831 1404 supr.
860 1333 900 1403 p.
921 1301 986 1377 59.
1042 1307 1097 1376 ltu
1124 1303 1316 1377 difficulte-

133 1455 134 1459 =
217 1423 273 1486 tes
298 1436 423 1484 omues
452 1421 682 1483 evanescunt.
746 1410 857 1507 Atqui
890 1409 923 1479 si
948 1432 1020 1505 quo
1049 1408 1087 1478 iu
1113 1405 1193 1480 leco
1225 1408 1316 1479 scri·

158 1530 160 1532 ’
216 1515 333 1614 pteris
357 1512 517 1610 antiqui,
563 1514 602 1583 iu
639 1510 708 1584 lroc
739 1524 834 1584 certe
857 1509 1026 1581 mendum
1054 1508 1158 1580 iucile
1185 1508 1316 1607 digne·

218 1617 271 1688 sci
296 1611 444 1713 tollique
463 1621 614 1711 peterat.
670 1610 770 1707 Quid
788 1614 883 1684 enim
909 1609 1121 1694 abiicimusl
1156 1611 1316 1707 primum

217 1715 342 1790 eedem
368 1712 501 1803 verbu,
551 1740 624 1795 neu
649 1712 741 1788 benc
767 1713 974 1804 redeuntia,
1023 1736 1115 1811 quae
1149 1713 1227 1783 siue
1255 1738 1316 1784 ac·

218 1819 379 1891 cusative
404 1813 484 1886 296
520 1818 657 1914 posita,
702 1842 749 1888 ue
780 1814 937 1912 intelligi
966 1815 1110 1914 quidem
1138 1824 1311 1910 pessunt3

218 1918 348 1992 deinde
374 1943 515 1990 versum
534 1914 614 1987 295
640 1920 762 2015 paucis
790 1919 934 1988 mutetis
958 1915 1081 2012 paullo
1103 1926 1185 2013 pest
1208 1940 1312 2011 repc-

109 2094 112 2099 ,
216 2023 322 2093 titum
331 2046 344 2114 3
379 2018 535 2116 denique
560 2017 669 2091 verba
687 2021 839 2115 μεγάλων
863 2019 931 2097 cini
959 2020 1080 2114 ὄρχον,
1115 2014 1314 2113 inquibus

216 2124 367 2223 μεγάλων
410 2118 657 2192 Ηείαιίοίιίιιιπ
699 2123 826 2192 merito
864 2117 1033 2211 effendit,
1084 2129 1120 2192 ct
1162 2116 1314 2215 pluralis

216 2225 312 2320 ὅρχοι
337 2246 410 2293 uon
436 2222 522 2292 satis
549 2232 651 2318 uptus
674 2233 749 2312 est,
788 2220 857 2293 huc
889 2231 986 2292 certe
1019 2222 1166 2293 notione
1206 2246 1312 2291 usur·

215 2335 345 2423 patus,
395 2345 507 2419 euque
538 2323 614 2418 ipsa
641 2346 789 2419 prorsus
822 2321 977 2393 inutilia.
1039 2323 1153 2395 Error
1177 2323 1311 2414 omnis,

217 2426 250 2495 si
280 2421 369 2521 quid
403 2420 529 2515 video,
586 2436 685 2496 ortus
723 2435 778 2495 est
813 2449 858 2495 ex
876 2447 878 2452 ’
895 2424 1092 2521 scripturae
1124 2425 1310 2515 varietate,

216 2549 309 2624 quae
335 2526 406 2595 iam
432 2525 631 2623 antiquitus
651 2527 688 2596 iu
713 2552 820 2597 versu
838 2521 918 2594 298
944 2527 1124 2599 exstitisse
1145 2523 1310 2619 videtur3

215 2624 314 2700 hunc
343 2652 457 2725 quum
488 2625 623 2724 duplici
660 2627 766 2699 mede
791 2629 963 2723 scriptum
995 2625 1220 2702 circumferri
1246 2629 1311 2698 eli·

215 2729 299 2826 quis
330 2725 499 2819 vidisset,
556 2730 772 2828 excogitavit
807 2729 1004 2818 rationem,
1055 2756 1126 2828 qur
1158 2738 1312 2827 uterquc

215 2854 343 2901 versus
369 2831 505 2903 servari
535 2841 678 2927 possete
724 2831 784 2906 cui
809 2856 916 2929 quem
944 2831 1137 2906 infeliciter·
1161 2842 1311 2904 cenatus

214 2933 385 3021 cesserit,
419 2942 532 3029 petet.
746 2965 753 2983 ι

315 3026 411 3103 501·
466 3036 536 3126 οίμε
559 3037 635 3130 μὲν]
666 3036 703 3108 οἵ
725 3046 762 3129 μέ
786 3067 846 3130 μεν
872 3033 912 3106 S.
966 3036 1035 3109 σ’ίὸε
1058 3044 1119 3127 μὲν
1144 3035 1307 3106 Fllllm.

212 3178 265 3202 ..-
315 3134 487 3233 ἰτροίπεον]
513 3134 630 3230 Etym.
657 3132 754 3205 Gud.
780 3130 967 3235 p.69‚ll5
985 3161 1088 3233 seqq.
1126 3139 1312 3231 ιἈπότρο-

212 3265 277 3320 noe
312 3232 418 3322 οἶνος·
451 3248 587 3332 τραπείν
614 3240 676 3334 γάρ
710 3245 799 3314 ἐστιν
829 3239 911 3314 αὐτὸ
944 3238 982 3311 τὸ
1023 3249 1180 3328 πατῆσαι.
1224 3240 1312 3316 ὅθεν

211 3346 270 3416 καὶ
300 3336 365 3433 πρὸ
392 3344 452 3409 τοῦ
476 3345 673 3427 πατηθῆναι
701 3344 873 3435 γινόμενον
906 3339 1106 3434 ἀπόσταμμα
1137 3350 1196 3429 τῆς
1229 3370 1312 3414 στα-

211 3445 320 3537 φυλῆς
352 3436 543 3536 ἇπότροιτος
570 3437 660 3525 οίνος
691 3450 827 3535 λέγεται.
879 3441 983 3528 οὕτως
1005 3443 1251 3540 Ἐπαφρόδιτος
1276 3452 1311 3518 ἐν

210 3539 395 3632 ὑπομνήσει
427 3545 583 3626 Ἀσπίὸος
615 3542 818 3617 Ἠσιόὸοαι
874 3568 970 3641 quae*
1010 3542 1118 3614 verba
1156 3569 1199 3615 ex
1232 3542 1306 3616 Ms.

210 3639 332 3738 Etym.
363 3641 402 3710 iu
430 3637 520 3714 bibl.
542 3641 658 3713 Puris.
678 3642 919 3716 Ruhuleuius
938 3643 1107 3741 pretulit,
1135 3646 1173 3715 iu
1186 3645 1305 3742 Epist.

209 3743 292 3817 crit.
321 3767 360 3838 p.
381 3736 480 3814 204.
507 3785 558 3798 —
617 3752 755 3915 τοὶιῗΊ]
790 3744 876 3821 ταδ’
906 3747 1085 3818 τίνουσα.
1115 3746 1163 3818 V.
1216 3749 1305 3821 τοίό’

210 3840 355 3919 (ΞΛΜ.
385 3844 443 3914 lu.
465 3837 503 3913 l.
557 3844 689 3920 eiii‘l'
755 3846 846 3918 rinc.
876 3892 928 3904 —
977 3848 1097 3948 ἤρυον]
1122 3849 1201 3920 siue
1228 3873 1305 3919 ace.

208 3942 258 4013 V.
282 3987 333 4009 ι-
383 3953 417 4018 οί
446 3945 503 4046 δ’]
536 3950 600 4025 οἵδ’
636 3944 976 4026 ΙΑΙι1.Ιο.1.2.
1017 3951 1143 4022 Triuc.
1208 3961 1241 4025 οἱ
1271 3959 1307 4025 δὲ

206 4044 355 4142 μάχοντο
381 4045 429 4115 V·
497 4047 571 4122 elev
595 4048 627 4122 δ’
658 4053 819 4144 ἐμάχοντο
845 4050 965 4149 Etym.
993 4051 1048 4122 Μ.
1073 4063 1123 4148 'p.
1141 4047 1233 4142 695,
1252 4047 1306 4121 52

207 4167 311 4243 seqq.
351 4144 472 4247 »Πίιξ]
502 4152 567 4237 πὺξ
588 4152 746 4242 circuitio:
775 4194 826 4204 —
872 4163 961 4229 ἔστιν
986 4154 1150 4251 ἐπίρρημα
1171 4158 1308 4242 ποιιίτη·

207 4277 276 4332 τος.
312 4256 438 4338 γίνεται
458 4254 551 4346 παρὰ
578 4254 615 4325 τὸ
642 4255 774 4326 πτύσσω
800 4254 908 4341 πτὺξω
935 4258 972 4329 τὸ
996 4255 1182 4354 ἆσφαλίζω,
1221 4256 1306 4329 cine·

206 4353 294 4451 βολῇ
316 4356 376 4420 τοῦ
408 4379 433 4419 ω
459 4362 516 4422 καλ
546 4360 609 4426 τοῦ
638 4385 670 4437 τ,
712 4355 794 4441 πύξ·
840 4358 931 4451 παρὰ
967 4359 1005 4430 τὸ
1039 4361 1193 4431 πτίσσειν
1224 4361 1305 4443 τοὺς

208 4451 390 4537 δακτύλους
415 4456 450 4529 tv
481 4459 528 4554 τῷ
559 4455 728 4548 πλήττειν·
764 4463 1009 4550 κατακλείοντες
1036 4460 1101 4562 γὰρ
1133 4460 1213 4546 τούς
1244 4466 1304 4534 δα·
