3044 5264
412 382 636 461 lMlTATIO
661 381 875 459 -Housau
1113 382 1193 462 355

90 610 180 708 ἇρύω
205 601 308 697 50¹,
360 604 478 703 γλάφυ
503 598 581 676 451
618 597 683 704 (al.
716 602 873 705 γλύφω),
922 608 1185 708 redemerit),

90 713 220 808 δοχμόω
251 701 351 798 589,
411 707 617 782 {naumain
651 730 716 777 seu
749 709 919 802 ἐκτολμάω
950 706 1031 804 44,
1081 720 1187 802 figma-

89 828 156 909 ρεῖν
180 805 281 900 529,
341 810 471 884 ἕπανύω
496 804 595 898 511,
660 809 840 903 mordet
872 805 978 904 254,
1028 825 1185 910 θυμαίνω

88 909 189 999 969,
236 913 377 1006 λιχμοίζω
403 905 504 999 955,
557 904 834 1005 μαστιὸϋῐὶίὸί,
885 915 1059 1009 μαστιχᾰω
1088 912 1183 1009 589,

87 1018 404 1108 με’ταστοναχίζομαι
438 1007 512 1102 92,
575 1009 776 1110 ὀριγνᾶομαι
808 1005 884 1102 90,
948 1030 1185 1112 περιμαίνομαι

88 1111 159 1204 99,
200 1113 367 1209 aspendum
388 1107 487 1202 459,
516 1123 654 1211 euripo
672 1107 763 1201 599,
801 1121 948 1207 χαλαίνω
967 1114 1071 1207 508,
1123 1150 1186 1215 χω.

89 1220 200 1317 polono
217 1210 317 1305 255,
368 1223 507 1312 χρεμίζω
523 1206 629 1302 548,
705 1209 814 1285 uibus
847 1215 1021 1289 accedunt
1047 1220 1183 1293 formee
1326 1293 1342 1317 ‚

90 1320 247 1389 incertae
273 1327 402 1391 ἔπιτνον
426 1316 483 1387 vel
509 1307 691 1389 ἕπιπλον2
771 1324 807 1385 et
826 1329 1064 1416 περιστοναχὲω
1081 1317 1181 1415 544,
1295 1328 1298 1335 ’

90 1421 121 1490 si
146 1417 234 1490 haec
259 1419 435 1514 scriptura
460 1414 656 1513 probabilis
682 1425 748 1490 est.

192 1517 287 1591 Satis
313 1543 466 1618 magnus
498 1527 552 1588 est
583 1515 745 1613 prolecto
776 1516 1031 1592 vocabulorum
1057 1550 1183 1598 nume·

91 1647 174 1712 rus,
225 1621 432 1717 praesertim
459 1620 498 1689 in
523 1616 679 1691 carmide
704 1614 860 1690 ambitus
886 1620 1029 1719 exigui,
1078 1623 1183 1699 cuins

91 1734 227 1820 partem
261 1723 449 1817 plurimam
483 1716 528 1790 ad
554 1716 771 1811 Homerum,
825 1730 1006 1819 umquam
1032 1723 1077 1794 ad
1102 1726 1183 1797 lon·
1286 1751 1293 1768 ¹

92 1836 163 1895 tem
207 1821 432 1920 eloquentiae
490 1822 717 1917 primumque
767 1832 875 1918 eaput
921 1827 1179 1898 resonavimus.

23 1972 25 1976 »
93 1925 168 2019 Qui
193 1948 408 2021 quamquem
443 1923 617 1993 minuitur
641 1921 885 2020 aliquantum,
938 1927 969 1995 si
996 1950 1037 1999 ea
1062 1929 1183 1999 seiun-

94 2030 233 2125 gimus‚
284 2050 436 2123 quorum
462 2034 525 2094 aut
555 2021 708 2120 simplex
742 2033 805 2094 aut
839 2028 1034 2122 composita
1068 2027 1184 2101 forma

93 2130 132 2197 in
151 2125 351 2197 Homericis
376 2123 593 2197 carminibus
618 2123 773 2223 legitur,
815 2137 856 2196 ut
879 2129 1011 2221 δοχμόω
1037 2128 1183 2225 quidem

95 2253 168 2299 non
195 2237 330 2316 exstat,
381 2225 444 2297 sed
471 2227 670 2320 ἀποδοχμόω
698 2223 769 2297 Od.
800 2227 868 2317 lX,
897 2223 999 2319 5⁷2,
1039 2255 1106 2302 nec
1127 2258 1195 2322 nea„

95 2330 239 2426 ρισὴπω,
271 2337 336 2398 aut
359 2327 554 2424 incaeperim,
587 2325 652 2399 sed
677 2328 770 2418 σὴπω
797 2330 986 2424 θῑικυρτὸω
1013 2329 1082 2402 0d.
1110 2331 1181 2426 Xl,

92 2425 202 2523 244,
255 2439 376 2499 tentus
409 2438 527 2499 tamen
566 2438 641 2516 est,
697 2438 738 2498 ut
776 2431 951 2500 sermonis
985 2435 1184 2529 proprieta-

94 2542 163 2600 tem
210 2528 365 2625 aliquam
415 2538 462 2617 etp
500 2528 732 2599 recentiorem
786 2539 935 2602 aetatem
987 2534 1184 2606 certissime

93 2627 235 2726 prodat.
303 2624 560 2698 Difficillimum
593 2652 679 2699 vero
711 2639 765 2699 est
797 2641 832 2699 et
864 2629 1017 2703 maxime
1043 2635 1183 2728 pericu·

94 2733 236 2820 losum,
281 2727 432 2799 ulterius
461 2727 630 2826 progredi
661 2740 697 2801 et
723 2727 768 2800 ad
792 2732 948 2801 auctoris
972 2743 1121 2804 aetatem
1148 2742 1188 2807 ct⁴

95 2830 252 2903 indolem
291 2830 573 2901 constituendam
606 2829 675 2902 hac
704 2832 872 2928 congerie
908 2833 963 2904 uti
997 2844 1184 2932 certusque

95 2931 179 3005 inde
205 2932 361 3004 rationes
388 2930 530 3003 ducere.
584 2930 767 3021 Heredes,
803 2957 895 3029 quae
920 2934 1184 3033 primoadspc·
1323 2995 1326 3002 .

95 3047 154 3107 ctu
181 3033 335 3133 aliquem
362 3034 517 3130 speeiem
541 3058 629 3129 pree
652 3032 842 3123 esserunt,
882 3037 1079 3106 accuratius
1098 3062 1184 3109 con·

96 3135 264 3227 siderate,
292 3161 312 3207 e
338 3132 502 3206 manibus
525 3136 657 3206 nostris
681 3131 888 3206 elabuntur.
942 3134 1042 3228 Quid
1063 3137 1186 3210 enim?

96 3262 217 3308 nonne
251 3245 323 3326 οἴνη
355 3236 508 3307 advertit
544 3236 726 3307 onimuml
773 3260 864 3333 quac
900 3260 971 3307 vox
1006 3237 1184 3312 Hecataeo

95 3349 185 3410 teste
209 3339 406 3436 priscorum
432 3348 508 3408 erat
526 3334 764 3428 Graeonrum,
797 3335 931 3408 Athen.
946 3337 997 3428 ll,
1015 3335 1181 3436 p.55‚h.

97 3438 170 3513 Sed
203 3465 314 3537 quum
354 3441 391 3509 in
422 3439 569 3511 Homeri
605 3436 707 3510 libris
743 3464 816 3509 nou
849 3439 1016 3529 iuventa,
1069 3451 1187 3514 exstet

96 3539 192 3638 apud
215 3538 433 3630 Hesiodum,
481 3541 577 3638 Opp.
605 3536 683 3611 572
707 3540 743 3612 e't
767 3535 867 3628 574,
908 3542 1184 3638 numquispro-

96 3654 237 3740 pterea,
270 3640 467 3713 Hesiodum
493 3641 601 3713 si'mul
626 3668 707 3714 eum
735 3653 877 3713 auctore
901 3638 1002 3714 Senti
1026 3641 1185 3717 Homero

96 3745 331 3841 antiquiorem
361 3768 437 3814 esse
464 3742 633 3843 colligere
660 3741 810 3815 audenti

199 3846 386 3944 Pergimus
422 3846 531 3947 igitur
565 3847 603 3916 in
637 3843 872 3939 discrepantia
907 3845 1082 3916 sermonis
1120 3869 1184 3917 no·

97 3944 225 4036 tanda,
276 3965 367 4044 quue
403 3956 582 4043 praetcrea
621 3947 664 4017 in
701 3945 878 4016 diverso
911 3967 994 4016 usu
1029 3970 1186 4019 vocum

99 4049 434 4120 Homeriearum
459 4050 630 4119 cernitur.
683 4048 753 4119 Hie
778 4048 876 4143 petet
901 4043 1005 4119 nobis
1022 4073 1183 4144 campus,

99 4151 245 4249 inquo
280 4151 396 4245 ampla
430 4160 485 4221 est
517 4148 749 4246 disputationi
784 4149 947 4220 materies
981 4150 1182 4244 proposita:

99 4261 877 4449 {titt13:231vztttrtttttssssltttt:’
890 4273 996 4424 d?
1022 4248 1185 4449 llll:

98 4454 289 4554 praecipue
314 4451 508 4530 ornandum
534 4451 604 4528 sibi
624 4453 846 4554 sumpsisset.
909 4450 970 4523 Ad
995 4449 1093 4527 hunc
1118 4455 1185 4552 531.

901 4565 958 4650 23
