3044 5264
256 409 336 489 ιιο
529 414 807 509 aerumma
840 377 1064 539 carneus

255 643 400 723 quoquc
423 615 494 691 duo
519 618 725 719 θεράποντες
748 626 846 686 sunt.
901 611 1129 688 simillimum
1155 609 1246 685 illud
1272 623 1339 701 est,

152 742 155 750 ⁴
204 778 213 798 .
255 722 354 826 quod
392 722 554 794 Minerva
607 718 761 825 eundem⁸
810 744 976 810 currum,
1043 718 1083 788 iu
1129 742 1201 816 qun
1252 715 1344 786 Her-

254 826 353 900 cules
381 834 417 897 et
442 822 561 897 lolaus
586 831 699 913 stant,
742 820 945 911 adscendit,
980 816 1154 918 558seq.
1239 820 1343 891 Cetr-

254 955 333 1001 mm
360 925 497 1017 elucet,
534 947 641 1023 quam
662 932 743 1020 apte
768 935 872 1020 poeta
902 924 1021 1018 priore
1044 924 1082 993 in
1108 948 1235 1013 versu,
1278 920 1343 992 ubi
1372 985 1379 1000 ,

254 1031 377 1129 quales
402 1024 537 1127 singuli
563 1025 697 1098 luerint
730 1023 962 1116 describitur,
1006 1024 1142 1122 plurali
1173 1049 1339 1113 numero,

253 1155 350 1202 nunc
374 1154 480 1219 vero,
518 1124 582 1199 ubi
606 1138 797 1226 utrumque
824 1150 896 1197 unu
922 1127 962 1196 iu
986 1150 1095 1198 curru
1120 1127 1259 1198 stetisse
1286 1123 1340 1195 di·

252 1256 333 1307 cere
358 1230 532 1320 voluerit,
571 1254 658 1302 usus
681 1228 729 1300 sit
752 1227 865 1301 duali.
1327 1316 1330 1322 Ι

352 1328 419 1403 62.
468 1340 600 1432 χηλῆσι]
638 1331 771 1431 χὴλμσι,
818 1326 881 1401 scd
910 1327 978 1400 cl'r.
1013 1327 1146 1400 Arcnd.
1182 1355 1221 1425 p.
1242 1325 1339 1416 108,

224 1430 321 1507 ¹10.
374 1435 419 1505 ln
443 1413 557 1504 schol.
583 1430 628 1504 ad
655 1434 838 1529 Aristoph.
867 1433 1050 1503 Acharna.
1072 1427 1155 1502 740
1187 1431 1253 1505 »οὐ
1278 1435 1341 1525 μό-

251 1567 310 1612 νον
339 1535 586 1632 Ἀριστοφάνης
619 1542 670 1609 ἐπὶ
704 1539 769 1609 τῶν
805 1540 927 1630 χοίρων
968 1536 1029 1619 τὰς
1065 1534 1171 1620 ὁπλὰς
1204 1540 1337 1629 εἴρηκεν,

251 1638 336 1711 ἀλλὰ
368 1648 424 1712 καὶ
453 1642 637 1730 Σιμωνίδης
670 1635 794 1730 ὁμοίως
832 1644 883 1709 ἐπὶ
915 1646 1032 1731 χοίρου
1075 1636 1206 1731 »ὁπλὰς
1242 1635 1338 1707 ἐκίνει

250 1745 317 1814 τῶν
340 1744 505 1812 ὀπισθίων
528 1744 662 1810 ποδῶν(
684 1748 741 1812 καὶ
762 1737 927 1822 Ἡσίοδος
948 1737 1002 1812 ἐπὶ
1021 1743 1112 1830 βοῶν
1130 1730 1334 1832 oppam,

251 1873 264 1906 ι
276 1839 354 1934 μήτ’
382 1841 436 1936 ἄρ’
459 1839 667 1936 ὑπερβάλλων
690 1840 773 1929 βοὸς
795 1836 935 1927 iniqui«
964 1849 1020 1913 καὶ
1043 1840 1081 1912 τὸ
1110 1844 1258 1912 ἐναντίον
1280 1843 1333 1910 ἐπὶ

251 1950 314 2016 τοῦ
346 1943 450 2014 ἵππον
483 1944 730 2026 »νύσσοντες
756 1947 953 2041 χηλῇσινι
993 1940 1062 2010 cir.
1096 1936 1200 2009 Suid.
1234 1963 1265 2008 s.
1292 1963 1329 2007 v.

250 2042 353 2130 ἁπλῆ,
389 2065 427 2136 p.
453 2036 553 2109 ml
579 2039 712 2110 Beruh.
787 2040 867 2113 Vox
897 2042 1020 2125 νδσσω,
1065 2038 1236 2137 frequens
1271 2065 1329 2135 ap.

250 2136 382 2231 Humi,
411 2165 585 2237 nusquam
611 2151 729 2211 tamen
753 2137 798 2212 (le
819 2142 921 2238 equis
948 2153 1076 2213 terram
1107 2138 1333 2237 pulsantibus

250 2251 456 2336 usurpatur.
509 2241 630 2311 Minus
654 2250 750 2313 recte
774 2254 892 2313 tamen
919 2239 963 2313 ab
982 2242 1179 2313 editoribus
1197 2267 1333 2313 comma

250 2343 404 2440 positum
431 2351 511 2437 post
538 2343 650 2426 ἵπποι,
687 2342 855 2439 quoniam
884 2355 1009 2418 κτνπὲω
1042 2345 1103 2417 vix
1135 2344 1266 2439 poterit
1296 2368 1329 2413 c.

250 2443 464 2516 Accusativo
486 2443 657 2532 construi,
683 2445 789 2517 νύσσω
814 2454 944 2540 potest.
998 2445 1171 2516 Construe
1197 2445 1333 2539 »χθόνα

203 2598 207 2604 -
249 2546 424 2630 νύσσοντες
464 2552 583 2645 χηλῇσι
615 2546 710 2629 ἵπποι
743 2551 916 2621 insurrant
1000 2547 1146 2618 Reizius
1181 2544 1333 2618 cuntulit

247 2646 356 2744 Virg.
380 2643 428 2716 G.
455 2643 501 2735 5,
528 2640 582 2714 88
618 2655 814 2744 »cavatque
838 2645 1026 2741 tellurem,
1061 2657 1097 2720 et
1119 2644 1225 2719 solito
1250 2672 1331 2745 gra·

246 2749 339 2818 viter
363 2755 467 2818 sonat
491 2745 625 2844 ungula
651 2771 805 2818 cornua

345 2848 435 2935 κόνις
469 2856 504 2922 δέ
536 2853 596 2945 σφ’
630 2849 837 2949 ἀμφιδεδήει]
878 2858 962 2951 δι’σφ
996 2849 1083 2949 ἆμφὶ
1121 2859 1156 2925 δὲ
1188 2850 1259 2938 (isles
1284 2850 1327 2919 Ε.

235 2947 344 3021 ‘Hace
369 2950 461 3021 ratio
485 2974 687 3046 quanquam
711 2950 837 3021 vitiosa
862 2962 916 3022 est
940 2963 975 3024 et
999 2975 1186 3049 perversa,
1210 2962 1329 3022 tumen

246 3047 352 3121 nobis
391 3060 545 3121 veterem
584 3048 740 3147 aliquam
776 3050 987 3147 scripturam
1029 3054 1166 3149 aperit:
1235 3051 1329 3122 Nam

248 3150 351 3221 Dicc·
390 3151 502 3235 ιιιόνις
526 3157 562 3224 δὲ
591 3151 735 3246 ἠγείρετο
769 3161 940 3247 κινουμένη
970 3155 1036 3228 ὑπὸ
1071 3162 1137 3229 τῶν
1172 3155 1330 3250 ἁρμάτων

244 3261 300 3325 καὶ
322 3260 385 3324 τῶν
407 3253 529 3324 ἵππων·
562 3261 618 3325 καὶ
642 3252 730 3349 ἀμφὶ
752 3266 815 3354 σφδ
838 3265 895 3328 καὶ
925 3254 1060 3341 αὐτοὺς,
1092 3257 1196 3329 κατὰ
1233 3255 1329 3330 riva·

245 3353 433 3449 στροφὴν
465 3360 539 3440 τῆς
572 3362 835 3449 προθέσεως,
869 3363 952 3449 λέγω
973 3359 1015 3446 δὴ
1039 3355 1099 3430 τὸν
1126 3356 1238 3452 ”quu
1270 3367 1327 3429 καὶ

244 3453 305 3526 τὸν
328 3453 474 3534 Κύκνον,
518 3452 622 3553 δεδῄει
645 3463 702 3525 καὶ
733 3454 973 3550 ἒσκορπιζετο.ε
1042 3453 1250 3553 Eademque.
1270 3481 1325 3525 rn-

178 3614 181 3621 .
244 3553 342 3625 tione
368 3550 405 3623 cl.
433 3562 470 3625 ct
493 3549 543 3651 gl.
561 3550 598 3622 b.
628 3550 718 3622 nihil
743 3554 1005 3651 explicuerunt,
1039 3559 1110 3627 nisi
1129 3558 1326 3654 simplicem

243 3679 367 3726 vocem
393 3653 514 3756 δεδῄει,
549 3650 679 3749 quibus
705 3653 788 3725 addi
812 3666 929 3752 potest
948 3656 1107 3754 Hesycb.
1133 3657 1165 3745 l,
1195 3684 1233 3754 p.
1246 3653 1325 3726 898

243 3753 328 3825 Alb.
403 3753 631 3849 scripserunt
663 3755 774 3853 igitur
803 3765 840 3830 δέ
873 3758 936 3857 σφ’
973 3765 1059 3862 ἀμφὶ
1084 3760 1202 3853 δεδήει,
1239 3760 1326 3855 quia

244 3865 412 3927 accentus
436 3854 569 3926 retrahi
591 3880 664 3926 unu
689 3855 800 3946 solet,
827 3855 896 3928 cfr.
922 3857 1050 3929 Lubrs.
1072 3871 1209 3959 quaest.
1237 3884 1320 3954 epp.

242 3981 281 4051 p.
308 3950 371 4027 71.
447 3954 492 4026 ln
516 3953 664 4028 Homeri
684 3956 900 4030 carminibus
926 3958 1109 4052 similiter,
1138 3958 1183 4030 ll.
1204 3969 1229 4049 ζ,
1242 3956 1325 4029 528
1368 4017 1377 4030 .

160 4080 161 4084 ’
244 4058 378 4128 »σὲοδ
407 4056 499 4132 εἵνεκ’
529 4056 613 4147 ἀϋτή
630 4088 664 4131 τε
681 4059 842 4153 πτόλεμός
856 4091 892 4134 τι
911 4061 994 4139 ὅσον
1011 4062 1081 4139 τόδ
1109 4063 1323 4162 ippolitus«

243 4155 327 4254 (cir.
351 4156 470 4254 Etym.
498 4157 550 4229 Μ.
579 4153 699 4254 Ρ.39,
717 4154 802 4260 52.)
829 4172 909 4247 ctu,
935 4158 1013 4231 756
1046 4166 1173 4266 *amun
1198 4163 1261 4257 γάρ
1286 4192 1324 4236 σε

242 4287 328 4457 ιι,
341 4269 684 4456 auciacus
703 4260 1061 4461 mustus?
1085 4258 1321 4461 luatis

242 4456 287 4529 da
313 4455 428 4558 igitur
450 4457 541 4531 ratio
566 4464 872 4558 grammaticorum
902 4464 1015 4537 infimi
1041 4466 1139 4562 aevi3
1189 4463 1321 4564 quibus
