3044 5264
387 394 463 470 198
658 402 936 483 ΑΡΡΑΒΑΤΠὸ
955 397 1195 482 ‘catuleas

384 625 475 680 terat
499 616 608 692 τυπεὶς
632 607 734 705 ᾤχεθ’
764 608 829 682 ὑπὸ
850 603 989 702 ydriae«
1015 597 1259 705 sunt'l'iudari
1278 603 1387 680 verba
1411 632 1473 704 ap.

386 707 509 805 Apoll.
538 707 659 781 Rhod.
688 705 803 780 schol.
830 703 957 800 ¹957·
986 700 1117 805 iiagru.
1136 703 1191 778 15
1216 699 1362 804 Disseu.

485 804 575 890 1830
628 811 825 909 συναΐγδην]
871 808 924 882 lta
960 802 1104 881 El'lll
1130 809 1240 902 Voss.
1268 809 1388 908 Etym.
1417 808 1472 882 Μ.

384 905 459 1002 dl,
485 905 540 980 29
562 935 666 1010 seqq.
720 910 792 984 Sed
818 913 855 985 in
882 911 985 982 ΝΜ
1009 920 1186 1001 συναΐγδην
1211 928 1391 1008 superscr.
1420 914 1477 1011 (in

386 1001 478 1084 Fet
503 1011 556 1083 Μ.
592 1038 699 1084 manu
735 1012 961 1112 recentiori),
1008 1011 1046 1084 in
1072 1040 1108 1083 m
1139 1011 1273 1110 legitur
1307 1023 1474 1107 οννέγδην,

384 1112 448 1210 sed
474 1145 510 1188 αι
534 1138 713 1212 superscr.
743 1127 779 1187 et
803 1148 819 1189 ε
844 1115 986 1211 punctis
1023 1113 1118 1186 inira
1153 1111 1282 1186 additis
1315 1113 1471 1187 deletur.

385 1215 460 1287 lam
486 1216 658 1308 Galatas,
694 1214 911 1289 Ruhnkenio
934 1209 1073 1307 ludica,
1100 1230 1171 1286 nou
1197 1223 1398 1309 συναΐγδην,
1432 1228 1474 1288 ut

384 1316 480 1415 apud
506 1317 699 1391 Graevium
722 1315 911 1409 scribitur,
951 1317 1015 1390 sed
1040 1318 1220 1411 συναΐγδην
1239 1315 1472 1388 scribendum

384 1435 461 1491 esse
487 1431 694 1514 censuerat,
726 1421 892 1518 idemque
918 1417 1114 1515 probarunt
1139 1417 1188 1490 V.
1202 1418 1249 1489 l).
1278 1419 1317 1488 iu
1333 1415 1468 1490 Obsvv.

212 1521 216 1531 ’
331 1589 342 1611 ,ξ
383 1507 541 1603 miscell.
565 1508 603 1612 l,
641 1538 680 1620 p.
705 1518 798 1592 dlii.
850 1518 1044 1606 Ruhnken.
1080 1520 1150 1618 Ep.
1187 1521 1268 1592 crit.
1305 1547 1344 1616 p.
1371 1499 1468 1591 105.

342 1616 347 1635 “’
383 1614 554 1693 Schneid.
588 1623 624 1696 ei
657 1625 803 1696 Passov.
839 1614 878 1693 in
911 1622 1054 1696 Lexieis
1084 1646 1116 1692 s.
1141 1646 1203 1712 v.,
1257 1623 1468 1693 Buttmann.

384 1717 449 1796 Gr.
476 1723 541 1796 Gr.
570 1725 628 1817 ll,
666 1721 789 1823 p-68.
842 1723 977 1796 Heinr.
1006 1712 1122 1796 Gaisi.
1144 1723 1322 1812 ,Boisttou
1353 1722 1467 1793 Diod.

382 1823 518 1898 Goettl.
573 1825 735 1900 Incertus
756 1825 879 1898 haeret
903 1823 1135 1914 Matthiaeus,
1164 1825 1225 1922 qui
1253 1822 1318 1895 Gr.
1332 1824 1397 1896 Gr.
1426 1823 1465 1923 §-

381 1920 459 2020 1115
506 1931 681 2017 α’νναΐητην
713 1946 758 2000 ex
797 1927 913 2001 ,lorrua
955 1936 1170 2014 σννοΐσσέτην
1206 1924 1378 2021 explicat,
1430 1937 1470 1996 et

379 2028 418 2203 P.
443 2025 523 2100 256
556 2037 734 2123 συναΐγδην
763 2027 941 2100 adverbiis
966 2027 1188 2099 adnumerat.
1213 2072 1263 2088 -
1319 2024 1466 2125 Reliqui

395 2129 488 2222 ibri,
528 2141 569 2202 ut
593 2121 803 2225 Bcsfrv,
844 2140 880 2201 et
902 2127 1074 2218 editores,
1113 2118 1465 2199 urAtd.1u.‘t.2.

381 2233 506 2305 Trine.
545 2231 649 2303 Basa.
686 2222 778 2329 Bag.
826 2228 957 2328 reliqui
996 2226 1168 2303 exhibent
1202 2236 1386 2319 creatutura
1415 2274 1465 2283 -

377 2333 564 2405 -ltiacanus
597 2345 655 2429 ap.
682 2332 805 2404 Trinca
847 2344 928 2406 »καὶ
959 2333 1021 2406 οὖν
1048 2342 1119 2416 τοῖς
1141 2339 1320 2417 Λαπίθαις
1349 2332 1467 2429 ὥρμων

378 2448 434 2512 καὶ
459 2430 553 2509 οὗτοι
573 2443 606 2509 oi
626 2437 823 2534 Κένταυροι.
859 2445 915 2510 καὶ
940 2427 1044 2531 ὥςπερ
1068 2441 1180 2521 ζῶντες
1202 2441 1367 2508 ἐκινοῦντο
1389 2438 1462 2507 κατ’

379 2540 525 2628 ἀλλήλων
554 2545 589 2612 ἐν
618 2548 689 2623 ’τοῖς
714 2536 846 2623 illae«,
887 2522 949 2606 ubi
978 2558 1045 2631 pro
1070 2551 1156 2606 voce
1187 2534 1279 2620 ὅλοις
1312 2545 1467 2606 nonest

380 2664 461 2709 eum
483 2637 612 2709 Heius.
642 2650 679 2709 et
700 2636 827 2708 Heinr.
882 2629 1010 2724 ἄλλοις,
1044 2655 1163 2733 neque
1186 2660 1266 2708 eum
1289 2637 1319 2707 B
1346 2635 1464 2730 ὄχλοις,

377 2737 462 2831 sed,
503 2749 543 2810 ut
566 2752 632 2836 per
655 2755 694 2818 se
720 2750 835 2836 patet,
876 2738 997 2835 ὅπλοιςΙ
1015 2734 1255 2809 scribendum.
1308 2736 1364 2807 De
1397 2735 1466 2808 hac

378 2833 671 2938 interpretatione
724 2828 1045 2940 quomodocunque
1090 2848 1309 2929 statuamus,
1371 2836 1464 2909 illud

376 2953 515 3041 certum
542 2935 705 3033 videtur,
754 2943 905 3039 p'rlmam
937 2942 1016 3012 eius
1046 2943 1182 3035 partem
1208 2940 1386 3039 pertinere
1417 2937 1463 3010 ad

375 3038 584 3116 adverbium
615 3045 790 3133 ονναΐκΐην
822 3052 884 3115 aut
915 3049 1108 3135 συναΐγδην,
1142 3055 1214 3112 no'n
1240 3039 1286 3111 ad
1312 3033 1462 3113 formam

375 3133 578 3238 verbalem3
616 3144 664 3214 ita
694 3154 736 3215 ut
756 3143 882 3236 Diae„
914 3144 946 3214 si
971 3164 1144 3212 summam
1166 3133 1219 3213 rel
1245 3154 1460 3240 spectamus,

375 3242 524 3316 eandem
546 3257 695 3339 prorsus
717 3245 930 3340 scripturam
954 3238 1141 3334 habuerit,
1191 3261 1261 3342 qua
1294 3269 1361 3314 nos
1384 3244 1460 3342 nti·

375 3359 469 3416 mur.
541 3340 662 3436 ldem,
710 3346 858 3442 opiuor,
901 3342 996 3417 valet
1030 3342 1074 3416 de
1106 3344 1264 3442 antiquis
1295 3342 1458 3436 scholiis,

374 3447 406 3517 si
441 3431 624 3542 explicant
667 3447 781 3538 ῡὸμοῦ
812 3444 948 3542 ὥρμων,
991 3445 1077 3540 μεθ’
1111 3447 1216 3543 ὁρμῆς
1246 3446 1458 3532 diademare«

374 3557 423 3620 ex'
444 3544 577 3646 quibus
601 3563 666 3618 sua
691 3547 811 3618 hausit
833 3547 953 3646 Etym.
981 3547 1034 3619 M.
1063 3544 1090 3617 l.
1114 3546 1171 3637 l.,
1208 3544 1270 3617 ubi
1292 3544 1458 3619 Schleus·

373 3664 483 3720 uerus
506 3649 547 3720 iu
569 3645 719 3721 Adrou.
747 3646 792 3719 ad
814 3647 931 3747 Erym.
955 3647 1009 3719 Μ.
1033 3645 1092 3738 11,
1125 3672 1164 3745 p.
1187 3641 1264 3717 711
1290 3662 1355 3743 pro
1382 3678 1457 3722 συν

373 3756 488 3843 ἐλαβεν
522 3746 716 3824 infeliciter
753 3758 932 3844 συνέβαλον
959 3749 1131 3822 coniecitt
1178 3737 1329 3820 debebat
1359 3750 1456 3820 enim

372 3863 434 3944 aut
456 3851 668 3939 οννὲλαννον,
704 3849 802 3949 quod
826 3861 881 3922 est
904 3852 943 3920 in
969 3836 1020 3949 gl.
1047 3848 1079 3920 G
1106 3858 1141 3921 et
1166 3850 1204 3920 in
1229 3850 1347 3948 Etym.
1371 3848 1453 3920 eod.

374 3952 503 4042 Duru,
533 3971 719 4049 reponere,
746 3963 809 4024 aut
828 3954 1076 4037 revelationum
1099 3961 1222 4040 nostro
1239 3977 1283 4022 ex
1302 3949 1454 4023 scholio.

371 4049 474 4144 Quae
500 4054 533 4125 si
557 4073 639 4126 vera
665 4064 769 4143 sunt,
796 4047 884 4126 haee
901 4067 972 4124 uua
995 4062 1103 4123 restat
1122 4054 1306 4149 quaestio,
1333 4063 1455 4123 utrum

369 4151 439 4223 hoc
464 4154 504 4222 in
528 4151 698 4227 adverbio
722 4153 861 4227 litterae
884 4152 1055 4244 mediae,
1076 4177 1122 4223 an
1148 4160 1292 4243 tenues,
1321 4174 1367 4223 an
1393 4152 1452 4225 de·

370 4252 501 4349 nique,
535 4265 576 4323 ut
601 4249 706 4326 etiam
733 4255 854 4329 Guieti
881 4256 1091 4352 scripturam
1114 4253 1368 4353 adiungamus,
1409 4253 1454 4325 de

370 4367 440 4451 qua
465 4349 674 4427 Ruhnltenii
700 4358 870 4429 iudicium
898 4377 969 4428 non
994 4351 1239 4452 probaverim,
1278 4357 1452 4452 aspiratae

369 4451 619 4552 praeferendae
641 4449 726 4529 siut.
798 4457 847 4530 ltu
873 4460 1051 4550 συναΐγδην
1069 4454 1230 4530 seribere
1256 4481 1361 4532 nemo
1387 4459 1452 4531 du·
