3044 5264
348 387 429 462 120
615 391 895 474 APPARATUS
927 392 1149 475 obturetis.
1180 464 1184 475 .

346 595 428 693 quis
453 590 556 666 libris
581 591 675 664 nihil
698 604 857 667 notatum
884 602 953 665 est.
1005 623 1040 686 γε
1069 604 1130 687 μὲν
1154 600 1250 662 extat
1284 591 1322 667 in
1346 590 1426 663 eod.

347 697 430 767 Pur.
454 691 573 767 2877.
620 694 688 767 cfr.
717 692 923 766 Buttmann
959 691 1004 769 ad
1037 696 1138 765 Aret.
1176 718 1256 764 exc.
1280 692 1331 770 ΙΙ.
1394 707 1432 787 γὲ

346 812 406 893 μὲν
429 795 514 868 Ald.
542 797 644 873 Buss.
666 797 758 896 Bog.
803 829 841 890 ys
864 807 924 888 μὲν
952 796 1020 867 iam
1046 795 1159 866 luntt.
1180 791 1286 870 Frob.
1301 792 1427 866 Trinc.

345 930 403 994 μιν
427 898 513 973 ferri
538 899 682 996 nequit,
731 899 813 997 quia
838 906 952 992 ἐρίζειν
986 894 1163 968 interdum
1197 896 1275 966 siue
1311 893 1431 966 dativo

346 1001 542 1097 reperitur,
593 1010 634 1070 ut
669 997 714 1073 ll.
742 1008 784 1091 β,
808 994 905 1090 555,
953 1024 1027 1068 nun
1056 1023 1136 1069 uam
1174 1021 1255 1066 cunr
1286 1021 1430 1067 accusa·

347 1102 434 1172 tivo.
472 1147 523 1158 -
598 1109 697 1196 ἔριζεν
721 1098 883 1171 Woliius
920 1110 1001 1196 post
1026 1023 1244 1169 'i'rineavelb
1280 1095 1335 1168 ex'
1357 1097 1428 1188 Τ.,

347 1201 495 1277 eandem
524 1203 639 1299 legem
655 1213 829 1291 secutus,
870 1225 976 1297 quam
1001 1201 1040 1273 iu
1066 1200 1221 1270 Homero
1247 1199 1317 1269 sibi
1342 1200 1430 1274 scri·

346 1315 486 1401 pserat‚
529 1303 597 1377 esr.
633 1302 751 1400 praefi
785 1301 830 1377 ud
861 1302 969 1378 Hom.
999 1327 1037 1398 p·
1060 1300 1206 1391 thn,
1261 1299 1308 1377 G·
1338 1299 1429 1371 Her·

347 1406 466 1476 manni
504 1401 675 1494 consilio,
736 1401 780 1477 de
823 1401 964 1476 emend.
1000 1413 1068 1474 rat.
1106 1428 1162 1500 gr.
1201 1428 1257 1500 gr.
1295 1428 1336 1499 p.⁴
1358 1397 1427 1493 22,

267 1503 303 1569 .“
345 1505 461 1602 praef.
497 1505 542 1582 ud
579 1504 694 1600 Orph·
732 1530 768 1601 p.
794 1505 869 1596 ΙΧ,
923 1504 990 1580 ci'r.
1025 1501 1126 1603 Allq.
1158 1503 1244 1579 Jen.
1272 1503 1347 1575 Lr't.
1376 1502 1426 1579 Ζ.

346 1600 474 1694 1805,
514 1633 552 1704 p.
576 1601 674 1698 2653
722 1601 850 1697 7888,
887 1632 925 1703 p.
949 1601 1043 1676 722.

446 1705 485 1781 8.
538 1718 697 1798 θνητοῖσι
724 1707 768 1781 Β.
798 1733 817 1779 a
853 1734 901 1777 m.
930 1732 1001 1778 see.
1031 1705 1075 1780 ad
1105 1705 1253 1779 sormam
1276 1706 1450 1795 ionicam¹

345 1808 403 1882 uel
427 1820 540 1882 metro
563 1809 763 1905 refragante
789 1806 1057 1879 restituendam.

447 1908 485 1986 7.
536 1916 747 2007 desomnem]
797 1912 865 1991 eino
911 1921 1038 2007 κρῆθεν
1088 1907 1291 1982 disiunctim
1342 1906 1427 1980 libri

345 2015 468 2111 scripti
495 2024 531 2084 et
556 2011 664 2098 editi,
698 2024 870 2108 quantum
897 2013 992 2102 scio,
1026 2036 1169 2099 omnes,
1207 2021 1354 2106 excepto
1379 2011 1425 2100 C,

345 2113 408 2186 ubi
434 2125 475 2184 ut
496 2138 553 2210 ap.
573 2110 771 2202 Wolfium‚
807 2123 955 2185 accentu
977 2112 1248 2209 praepositionis
1272 2110 1426 2202 abiecto,

346 2227 526 2287 exaratum
553 2224 608 2285 est
634 2220 834 2310 ἀποκρῆθεν.
885 2210 957 2283 Sed
984 2239 1093 2310 quum
1121 2215 1158 2283 in
1185 2212 1307 2287 eodem
1334 2212 1427 2285 libro

346 2318 486 2413 legatur
503 2316 719 2398 ἆποκνανέων,
746 2311 958 2409 peculiarem
974 2313 1061 2386 haec
1084 2339 1143 2386 res
1169 2313 1260 2387 banc
1286 2314 1428 2384 videtur

346 2415 476 2487 babere
493 2441 665 2506 caussam,
693 2414 789 2512 quod
809 2417 1021 2511 praepositio
1038 2415 1106 2488 hoc
1125 2417 1162 2486 in
1178 2415 1294 2488 locon
1316 2417 1427 2486 verbo

346 2543 412 2588 suo
434 2516 606 2589 disiuncta
633 2518 770 2588 scribae
793 2519 865 2586 visa
888 2528 961 2608 est3
994 2519 1097 2588 cuius
1121 2543 1207 2588 usus
1231 2517 1268 2587 in
1295 2518 1427 2588 nostris

298 2670 301 2675 -
345 2617 527 2691 codicibus
548 2621 731 2689 innumera
750 2620 977 2714 reperiuntur
995 2617 1170 2714 exempla,
1197 2617 1265 2690 ci'r.
1280 2618 1425 2693 Villois.

334 2722 504 2818 prolegg.
527 2719 570 2791 ad
584 2719 691 2792 Hom.
706 2745 743 2816 p.
756 2719 789 2789 11
809 2719 907 2790 Bast.
923 2717 968 2790 ad
982 2718 1093 2817 Greg..
1107 2719 1272 2799 Corinth.
1286 2745 1322 2815 p.
1334 2715 1422 2791 795.

344 2822 561 2899 scholiastae
586 2822 697 2892 nostri
723 2819 811 2918 quid
836 2819 1110 2908 voluerint‚-ex
1136 2822 1426 2918 interpretatione

343 2924 409 2999 ἀπὸ
433 2932 491 3014 τῆς
511 2934 655 3022 κεφαλῆς
679 2932 796 3019 patet,
838 2949 929 3020 quae
956 2924 1059 2999 etiam
1087 2924 1123 2992 in
1144 2923 1176 2992 lt
1194 2934 1330 3019 reperta
1355 2930 1423 2994 est.

230 3017 270 3082 ·'
342 3026 538 3122 Antiquius
574 3049 657 3095 vero
690 3021 861 3096 babemus
893 3024 1130 3099 testimonium
1167 3025 1203 3093 in
1241 3025 1425 3099 notissimo

342 3126 476 3199 scholio
493 3126 629 3196 Veneto
652 3121 697 3194 ad
722 3125 767 3196 li.
789 3157 822 3207 π,
839 3120 933 3214 578,
958 3122 1040 3221 (cir.
1056 3123 1101 3195 ad
1122 3124 1190 3212 lv,
1209 3121 1300 3224 772)
1327 3123 1427 3221 quod

342 3224 620 3314 cstHerodiani‚
646 3222 729 3320 (ct‘r.
749 3224 862 3295 Lebrs
877 3223 1073 3299 Aristarcb.
1102 3221 1262 3323 p.590‚)
1294 3226 1356 3322 qui
1379 3225 1426 3296 ad

342 3323 604 3400 defendendum
637 3325 833 3396 Aristarchi
868 3325 1058 3416 iudicium,
1115 3331 1200 3403 κατὰ
1226 3338 1352 3424 κρῆθεν
1385 3328 1425 3397 ἰιι

336 3427 518 3516 Homero,
560 3452 632 3497 nou
657 3427 731 3500 κατ’
761 3429 908 3522 ἅκρηθεν
934 3426 1156 3514 exhibentis,
1205 3441 1325 3499 nostro
1352 3427 1423 3498 He·

341 3526 433 3604 siodi
453 3526 551 3618 loeo,
589 3539 757 3626 tanquam
780 3530 975 3604 certissimo
1001 3531 1097 3600 iliius
1123 3532 1318 3601 sentcntiae
1341 3529 1423 3599 fun·

341 3628 507 3702 dumento
532 3629 657 3700 utitur.
712 3627 937 3724 Descriptum
964 3628 1054 3704 illud
1082 3641 1136 3699 ost
1158 3628 1202 3700 ab
1221 3629 1421 3720 Euanthia,

340 3755 378 3826 p.
399 3725 518 3822 1257,
541 3725 595 3799 54
616 3755 698 3826 sqq.
735 3731 773 3799 in
799 3730 925 3826 etym.
951 3730 1004 3809 Μ.
1042 3757 1080 3825 p.
1104 3725 1197 3822 495,
1218 3727 1271 3801 29
1292 3757 1348 3827 sq.
1387 3743 1425 3803 et

342 3829 439 3905 Gud.
469 3827 624 3928 p.50!i5
647 3827 721 3924 523
762 3841 868 3927 atque
893 3832 941 3902 ita
977 3831 1143 3929 quidem,
1195 3843 1234 3903 ut
1262 3843 1425 3927 κατακρῆ·

339 3941 405 4005 θεν
429 3929 474 4002 ab
500 3930 684 4023 omnibus,
723 3935 789 4005 ἀπὸ
815 3943 940 4029 κρῆθιν
964 3934 1105 4003 nonnisi
1127 3931 1172 4003 ab
1192 3946 1334 4004 auctore
1360 3934 1419 4004 Et.

340 4032 465 4127 Magni
501 4035 648 4120 iunctim
684 4032 873 4106 scribatur.
938 4024 1055 4104 liuius
1086 4035 1192 4111 unius
1218 4035 1328 4132 igitur
1353 4034 1422 4106 boe

341 4133 459 4201 minus
485 4135 576 4205 ratio
613 4144 667 4205 est
701 4132 880 4222 habenda,
927 4160 998 4230 quo
1021 4137 1175 4231 apertior
1200 4149 1252 4206 est
1278 4135 1359 4206 fons
1386 4148 1423 4207 et

341 4233 442 4328 origo
473 4257 591 4302 rerum
628 4233 673 4304 ab
712 4261 754 4307 eo
789 4235 1022 4330 proditarum.
1104 4236 1222 4329 Quare
1255 4236 1420 4333 equidem

342 4330 472 4418 Wolfii
508 4336 717 4421 sententiam
750 4337 866 4407 minus
899 4334 1144 4432 probaverim,
1191 4338 1249 4409 cui
1282 4341 1420 4434 quomi-

342 4459 410 4506 nus
441 4435 694 4527 assentiamur,
742 4434 832 4523 illud
858 4461 1001 4536 quoque
1027 4436 1194 4535 impedit,
1236 4439 1333 4540 quod
1348 4465 1419 4539 ge·
