3044 5264
390 1459 583 1592 Caput
628 1460 911 1590 quartum.
984 1404 987 1411 ¹
1114 1434 1132 1569 J

164 1720 251 1808 ne
288 1728 506 1830 origine
540 1726 803 1815 eormtnts
838 1729 897 1814 et
934 1728 1137 1814 aetate.¹
1178 1658 1184 1771 i

571 1944 735 1957 m

586 2153 625 2258 5.
662 2151 700 2228 ι.

104 2397 382 2521 Quaestionum
408 2423 731 2520 philologiourum‚
777 2423 902 2518 quales
927 2433 1040 2496 aetate
1071 2434 1193 2499 nostro

105 2530 291 2601 hominum
316 2525 459 2623 ingenia
484 2534 673 2612 exercent,
713 2520 847 2618 duplex
872 2548 988 2622 genus
1014 2535 1087 2596 est:
1139 2518 1193 2599 ali·

105 2638 222 2701 terum
248 2652 356 2726 grave
377 2622 523 2723 quidem
549 2635 584 2694 et
611 2623 740 2694 studiis
771 2625 929 2697 virorum
961 2649 1046 2696 vere
1070 2624 1193 2699 (lauto⁸

105 2753 186 2802 rom
213 2741 249 2802 et
273 2729 484 2800 eximiorum
507 2726 683 2820 imprimis
704 2722 952 2817 nobilitatum,
994 2725 1058 2799 sod
1084 2727 1193 2800 simul

105 2831 208 2904 valde
233 2827 493 2926 periculosum3
542 2828 655 2899 tutius
680 2825 831 2898 alterum
865 2836 902 2899 et
934 2828 966 2898 si
997 2827 1218 2924 prudenter*

106 2959 174 3006 nee
209 2935 287 3003 sine
327 2930 508 3002 doctrinae
542 2929 609 2999 rite
644 2938 786 3024 paratae
823 2929 935 3024 copiis
970 2929 1190 3024 instituatur,

104 3033 287 3107 erroribus
311 3034 431 3103 minus
456 3027 665 3102 obnoxium.
730 3027 822 3099 Nam
858 3030 921 3126 qui
956 3031 1058 3101 initia
1080 3031 1191 3104 Grae⁴

106 3161 228 3208 uorum
251 3135 563 3228 Romanorumque
589 3131 831 3228 pervestigent
861 3140 898 3202 et
930 3156 949 3201 a
986 3128 1095 3203 rebus
1127 3157 1190 3231 po-

106 3235 272 3334 pulorum
295 3234 551 3330 antiquissimis
569 3229 734 3303 tenebras
760 3229 862 3323 illas,
907 3230 1038 3331 quibus
1064 3232 1190 3307 diutis-

105 3340 195 3408 sime
219 3333 356 3406 obsitae
381 3336 588 3424 iacuerunt,
626 3330 813 3428 dispellere
834 3343 871 3404 et
895 3335 1045 3430 eupiunt
1069 3342 1105 3407 et
1129 3360 1189 3409 uo·

104 3449 257 3509 nantnrz
310 3460 386 3507 non
410 3459 493 3506 raro
517 3458 621 3505 verae
652 3432 780 3507 hornam
805 3433 1004 3507 studiorum
1039 3434 1189 3509 rationis

105 3541 351 3628 immemores,
409 3535 499 3606 adeo
532 3538 697 3635 ignorare
732 3534 918 3629 videntur,
973 3539 1188 3612 coniecturis

104 3642 210 3712 etiam
235 3649 271 3711 et
295 3637 526 3728 divinationi,
566 3661 672 3733 quom
698 3636 844 3728 dieunt,
884 3647 1000 3710 certos
1025 3664 1103 3712 esse
1125 3639 1188 3712 de·

103 3740 296 3837 linitosque
320 3740 453 3811 limites
476 3740 647 3836 scriptos,
692 3761 783 3835 qnos
809 3737 1019 3836 supergredi
1041 3741 1187 3838 impune

105 3866 179 3913 non
203 3841 328 3933 liceat3
382 3851 453 3910 tarn
478 3838 646 3912 audacter
671 3841 789 3912 omnia
821 3864 888 3937 pro
919 3842 1012 3911 veris
1038 3837 1185 3935 habent,

104 3967 197 4041 quae
222 3943 297 4013 ueri
328 3939 574 4013 similitudinis
608 3940 763 4038 aliquam
798 3942 951 4038 speeiem
986 3943 1024 4013 in
1060 3940 1188 4016 animis

104 4069 228 4116 eorum
255 4043 423 4114 excitant.
478 4040 600 4113 Altera
624 4064 709 4113 vero
735 4066 781 4119 ex
805 4053 906 4138 parte
925 4041 1085 4114 abundat
1108 4043 1188 4143 plriss

104 4143 302 4243 lologorum
338 4141 525 4239 disciplina
561 4166 680 4214 rerum
715 4141 995 4240 indagandamm
1027 4144 1187 4235 mullitu-

104 4245 211 4335 dine,
263 4242 395 4340 quibus
422 4245 589 4341 qnoniam
622 4267 694 4314 non
726 4242 771 4315 ab
801 4268 910 4315 sensu
935 4247 1109 4344 cuiusque
1135 4257 1186 4320 at·

105 4371 176 4442 que
201 4344 348 4417 arbitrio
379 4345 558 4444 pendent,
612 4342 675 4416 sed
708 4368 827 4416 rernm
852 4355 978 4417 natura
1009 4349 1077 4420 rite
1100 4366 1186 4421 eon·

103 4445 258 4519 siderate
290 4458 328 4520 et
362 4448 494 4521 iudioio
529 4443 626 4521 recte
665 4454 702 4520 et
737 4443 973 4546 aequabiliter
1010 4448 1184 4544 adhibito,
