3044 5264
303 523 305 528 ,
360 435 643 512 APPARATUS
674 435 900 512 cm'r1cns.
1103 431 1180 508 ιτο

89 660 200 734 quum
219 661 264 707 ex
288 634 451 732 plurimis
475 637 648 734 exemplis
671 648 807 733 pateat,
835 636 966 736 glossis
983 636 1021 705 in
1043 644 1177 708 textum

88 739 241 834 receptis
267 740 419 810 maxime
451 751 611 809 nostrum
646 737 808 811 libellum
841 748 1046 833 corruptum
1079 764 1176 811 esse:

89 841 167 912 sine
208 840 282 909 ulla
318 839 464 910 audacia
499 841 592 912 sumi
618 841 771 936 poterit,
819 839 914 912 idem
949 840 1074 910 vitium
1109 838 1178 912 hoc

88 965 232 1038 quoque
258 938 337 1011 loco
359 940 552 1012 admissum
579 966 678 1033 esse;
732 967 946 1040 quamquam
974 942 1043 1011 iam
1071 941 1174 1015 Diae.

88 1051 147 1118 »ἐν
173 1053 219 1140 τῷ
241 1051 330 1140 μέσῳ
350 1051 384 1116 δὲ
399 1051 457 1130 τῆς
481 1042 622 1130 ἀσπίδος
642 1038 684 1131 ἦν
708 1051 988 1142 ἐζωγραφισμὲνος
1014 1043 1176 1142 δρώοιμι

87 1145 126 1213 in
163 1168 229 1213 suo
263 1142 356 1214 libro
398 1153 433 1217 δὲ
469 1145 648 1239 δράκοντος
682 1146 833 1215 invenit.
910 1146 1093 1216 Praeterea
1124 1144 1174 1216 cl.

90 1245 281 1333 Levemw,
325 1244 626 1344 Gorponenideal,
666 1272 702 1342 p.
730 1241 782 1315 45
803 1271 880 1342 seq.
953 1245 1069 1316 Draco
1093 1271 1177 1316 vero

87 1346 126 1416 in
164 1343 281 1416 medio
315 1344 425 1417 Scuto
465 1349 603 1444 positus
638 1372 702 1441 per
736 1370 775 1418 se
812 1372 884 1418 non
919 1348 1061 1444 ineptus
1100 1358 1174 1439 θείς

88 1449 197 1517 immo
235 1457 304 1516 tam
347 1458 474 1543 aptus,
536 1460 578 1519 ut
618 1447 699 1520 ideo
738 1449 961 1545 potissimum
1004 1447 1093 1535 milti
1137 1449 1177 1519 in

87 1559 223 1620 textum
260 1546 422 1619 videatur
456 1550 577 1620 illatus
609 1575 709 1638 esse,
759 1548 809 1621 cf.
847 1547 1069 1637 Briindsted‚
1120 1550 1178 1621 die

86 1651 252 1722 Bronzen
272 1674 341 1721 νοπ
367 1648 519 1746 Sirisp.
537 1646 604 1720 21.
642 1649 738 1722 Add.
760 1649 837 1722 sch.
860 1649 905 1720 ad
925 1649 996 1722 od.
1009 1648 1100 1740 Xll,
1109 1645 1175 1720 91.

186 1752 339 1848 φατειός]
368 1753 523 1847 φαττινός
535 1751 580 1822 L.
619 1753 667 1823 cl.
687 1749 799 1849 Soph.
817 1749 912 1823 Phil.
929 1746 1020 1821 746ι
1047 1755 1178 1828 »δεινὸν

17 1905 20 1908 -
87 1853 167 1948 γὰρ,
207 1853 283 1925 οὐδὲ
304 1853 430 1949 ῥητόνι
472 1850 620 1922 Ruhnk.
648 1853 766 1948 Epist.
793 1853 873 1924 crit.
903 1878 940 1948 p.
967 1847 1061 1924 107.

187 1975 281 2049 445.
335 1985 489 2076 ἔμπαλιν]
518 1979 799 2073 ἔμπαλιὸἘν.
841 1987 981 2073 ἔμπαλιν
997 1978 1176 2068 MOS,

88 2079 202 2152 forma
238 2089 359 2175 ἕμπαλι
393 2083 512 2153 minus
553 2083 711 2178 antiqua.
744 2127 794 2136 -
844 2081 893 2153 cl.
931 2079 975 2150 ll.
1000 2080 1072 2170 Ill,
1095 2077 1177 2150 427

89 2185 168 2259 ὄσσε
192 2184 291 2258 πάλιν
312 2191 449 2258 κλίνασα
458 2238 477 2276 ,0
506 2183 614 2273 XXI,
635 2178 715 2254 445
749 2184 850 2259 πάλιν
873 2192 988 2281 τρέπεν
1009 2184 1087 2255 ὄσσε
1112 2215 1178 2279 φα·

89 2286 178 2371 τινώ,
209 2283 260 2354 ib.
289 2311 326 2353 v.
350 2280 449 2376 '1683
496 2285 606 2375 XIII,
627 2280 692 2374 5.,
735 2283 779 2356 de
814 2286 945 2383 quibus
971 2283 1091 2381 Ileyn.
1128 2283 1175 2356 Τ.

90 2385 162 2478 Vl,
202 2410 240 2481 p.
263 2382 355 2455 566.
424 2387 521 2458 Bene
558 2397 595 2458 et
632 2387 891 2457 accommodate
927 2382 1041 2454 schol.
1078 2383 1175 2454 Ven.

72 2486 134 2557 ¹tul
167 2471 214 2555 Il.
239 2485 419 2578 xt11‚5‚
470 2492 555 2578 ντὴν
592 2490 657 2561 ἀπὸ
695 2496 755 2561 τοῦ
791 2489 911 2572 εὐθέος
944 2488 1178 2587 μεταστροφὴν

90 2599 226 2677 δηλοῑςι
258 2591 399 2674 melius
424 2587 516 2658 illud
541 2614 648 2687 quam
682 2592 752 2674 »τίς
776 2589 962 2670 τούπίοων,
1005 2598 1046 2657 ut
1071 2587 1174 2658 Diae.
1265 2643 1268 2648 .

89 2689 130 2759 h.
158 2689 185 2758 l.
216 2701 251 2761 et
276 2689 444 2786 Apollon.
475 2689 565 2760 Lex.
594 2716 625 2759 s.
650 2715 685 2758 v.

193 2792 357 2886 ὄσσοισιν]
384 2794 513 2868 ὄσσοισι
538 2790 691 2862 BCEF
703 2789 874 2880 Glllm3
922 2785 1089 2884 idemque
1115 2810 1176 2857 vo·

90 2891 160 2963 luit
186 2891 334 2983 Trium,
373 2892 437 2964 ubi
463 2896 539 2968 ὄσσι
561 2924 616 2969 σοι
641 2892 768 2961 vitiose
794 2887 996 2961 exhibetur.

190 2989 283 3065 146.
337 3007 396 3069 τοῦ
418 3007 472 3069 καὶ
495 2996 639 3069 ὀδόντων
665 3002 740 3091 μὲν]
772 2991 865 3065 idem
889 3015 1013 3061 versus
1035 2988 1177 3059 initium

89 3122 147 3190 ap.
177 3095 284 3167 Ηοιο.
321 3094 367 3164 ΙΙ.
396 3096 509 3185 XIX,
530 3089 609 3165 565
644 3105 680 3164 et
711 3093 796 3163 infr.
826 3087 919 3162 164.
993 3091 1177 3163 Praeterea

84 3197 140 3266 σί.
174 3196 245 3267 04.
269 3195 366 3284 XII,
391 3192 439 3266 94
473 3196 516 3267 de
551 3194 694 3293 Scylla:
738 3203 943 3289 »σμερδαλέη
968 3191 1109 3290 κεφαλή,
1145 3201 1180 3266 ἐν

90 3296 125 3370 δὲ
151 3312 331 3393 τρίστοιχοι
353 3298 483 3384 ὀδόντες
505 3309 621 3373 πνκνοὶ
645 3307 701 3372 καὶ
725 3305 869 3391 θαμέες,
911 3303 1016 3368 πλεῖοι
1038 3302 1180 3388 μέλανος

88 3401 292 3474 θανάτοισι

190 3504 312 3594 πλῆτο]
347 3505 454 3574 πλότο
489 3499 519 3570 Β
554 3496 684 3598 (super
718 3495 856 3569 literam
888 3527 910 3586 η
940 3495 1039 3565 vocis
1072 3505 1178 3584 πλῆτο

90 3602 260 3701 seriptum
288 3613 342 3672 est
366 3598 411 3698 α)
442 3600 517 3669 llll
551 3598 635 3699 (sed
667 3600 707 3668 in
740 3625 815 3697 mg.
851 3630 903 3692 γρ.
926 3593 1052 3694 πλῆτο)
1089 3594 1176 3667 Ald.

93 3701 150 3772 Iu.
175 3697 211 3770 l.
251 3701 300 3786 ,ct
326 3700 518 3773 Ruhnken.
547 3703 587 3772 in
612 3699 736 3798 hymn.
763 3701 803 3770 in
829 3697 914 3769 Cer.
937 3691 1005 3766 85.

193 3803 291 3876 λευκὰ
316 3808 480 3903 θεόντων]
504 3805 661 3878 θιώντων
677 3800 724 3874 G·
744 3800 796 3898 gl.
825 3808 1041 3900 φαινομένων.
1063 3796 1182 3872 &seiv-

90 3935 157 3978 των
182 3931 231 3973 m.
286 3905 525 3998 λτνγαλιὸντων
549 3902 606 3975 vel
632 3912 870 3997 λινμαλοὲντων
895 3900 989 3970 coni.
1009 3898 1178 3988 Guietus‚

90 4029 112 4075 a
145 4002 299 4077 Graevii)
332 4018 367 4076 et
402 4004 610 4076 Heinriehio
647 4003 835 4074 refutatus·
902 3998 1033 4070 Noslm
1067 4000 1180 4075 aetite

91 4106 272 4199 praeclaoe
311 4106 379 4178 hac
422 4109 597 4201 scriptum
639 4129 726 4191 usus
767 4107 863 4200 Aug.
900 4099 1112 4171 Meinelxius
1142 4103 1181 4171 in

92 4205 247 4280 Theoer.
271 4208 397 4301 XXV,
420 4203 497 4277 158
528 4209 640 4308 χλωρὰ
668 4204 795 4308 θεούσῃ
827 4199 1071 4302 reponendum
1103 4227 1180 4280 esso

89 4307 194 4383 vidit.
406 4315 409 4320 ’
978 4309 980 4311 ’
1255 4349 1258 4356 -

194 4475 287 4551 147.
342 4483 469 4576 δεινῶν]
497 4427 602 4558 ὅτινόν
628 4475 674 4553 G.

808 4566 818 4708 [
907 4598 978 4676 ιν·
