3044 5264
502 464 816 546 surtomonun
853 432 1015 542 osteo:
1218 456 1302 531 sor

213 677 346 797 qnippe
367 695 458 774 qone
474 684 656 772 praeterea
677 673 825 793 nonnisi
845 672 883 744 in
898 669 1001 793 liltris
1021 667 1181 791 doninus,
1210 671 1299 742 Bur.

212 772 1018 974 l.ll}¹‚l.⁰l.i.d⁰li‘.i.t¹“¹’nihil?
1033 772 1119 946 :ll
1133 797 1302 945 dili

213 993 309 1053 netas
334 979 462 1052 horum
488 976 706 1052 scholiorum
731 978 972 1073 cognoscitur.

697 1283 733 1382 g.
778 1279 819 1351 s.

354 1494 360 1507 '
460 1492 530 1562 no
561 1494 691 1561 eoram
722 1493 1066 1572 exemplet-lons.

297 1678 379 1753 »Ari
406 1680 498 1754 edila
525 1680 739 1779 exomplurin
758 1678 791 1781 θ)
819 1680 968 1753 Hesiodi
989 1680 1188 1778 pergimus,
1218 1706 1307 1780 qno·

217 1807 295 1854 runt
321 1810 538 1882 permagnus
565 1796 621 1854 cst
640 1808 823 1855 numerus.
878 1782 970 1854 Nam
994 1809 1104 1880 qumn
1124 1781 1183 1853 ltie
1203 1795 1307 1879 poeto

216 1885 302 1959 oiim
342 1910 427 1980 prae
461 1885 590 1957 coieris
625 1883 835 1957 scholastica
867 1882 1020 1956 lectione
1063 1883 1308 1981 frequeninre·

216 1997 296 2077 ine,
336 1984 421 2058 hnic
446 1989 528 2058 usui
554 2011 660 2084 saepe
682 1984 891 2084 divulgandi
916 1987 995 2057 eius
1021 1986 1213 2057 necessitas
1238 1984 1310 2056 luit

227 2167 389 2179 nnn-t———m
400 2169 498 2180 ..m-a

219 2292 254 2333 ea
272 2275 335 2346 ipsa
355 2275 477 2330 fortasse
501 2291 539 2331 ex
557 2274 738 2332 Tricliniuno
762 2276 880 2341 codice,
904 2275 941 2330 ab
959 2275 1145 2331 Triocarello
1170 2274 1311 2331 interdurn

219 2347 289 2400 satis
315 2347 446 2400 mendose
473 2347 552 2417 typis
578 2347 732 2417 impresso,
757 2346 848 2416 petita
872 2358 924 2400 est.
960 2347 1085 2400 Meliora
1111 2357 1202 2399 autern
1226 2362 1311 2415 qount

220 2415 306 2471 etiarn
326 2433 363 2469 ex
385 2416 507 2470 vindob.
528 2414 631 2470 codice
660 2416 851 2483 exspectanda
875 2430 930 2468 non
948 2415 1017 2479 sint,
1036 2414 1109 2468 nihil
1129 2415 1157 2467 ei
1176 2424 1222 2479 pst
1241 2415 1313 2469 reli·

219 2485 285 2607 gui,
309 2486 335 2538 ai
354 2484 417 2552 quis
435 2485 614 2539 correctiora
633 2486 702 2537 haec
720 2485 832 2537 scholia
854 2485 941 2537 edere
965 2483 1059 2553 cupit,
1086 2483 1142 2539 ttisi
1168 2494 1199 2539 ut
1216 2501 1313 2538 eruen-

241 2571 257 2606 a

260 2554 350 2608 tiones
376 2571 412 2605 ex
439 2554 518 2605 libro
541 2549 718 2606 Tricliniano
744 2563 831 2624 petat.
866 2551 969 2618 Neque
996 2550 1070 2604 illud
1099 2551 1201 2605 inutile
1228 2554 1312 2608 ieret.
1394 2600 1400 2620 ,

219 2623 290 2677 Nam
310 2623 345 2674 ab
365 2621 503 2685 Heinsio,
529 2618 714 2686 Heinrichio,
742 2631 772 2676 et
790 2618 960 2674 Gsislordio
987 2620 1028 2674 lta
1052 2620 1122 2674 haec
1147 2621 1257 2674 scholia
1275 2637 1313 2676 ex

223 2690 456 2749 Trincurellinno
474 2691 554 2744 libro
574 2687 696 2760 repetitu
721 2701 800 2755 sont,
825 2700 856 2744 nt
873 2691 977 2745 nultos
995 2691 1094 2761 lapsus
1141 2688 1204 2744 rimi
1226 2702 1313 2761 typo·

221 2761 325 2828 graphi
352 2762 530 2815 etiamnunc
554 2760 672 2812 nondum
692 2756 821 2815 sublatos
840 2759 992 2813 videamus.
1029 2708 1136 2814 OuidiJ
1150 2759 1225 2824 qnod
1249 2767 1314 2833 post

222 2828 392 2892 Heinsium,
420 2829 502 2882 euius
530 2828 674 2882 andaciam
695 2830 938 2895 temeritatemque
961 2829 989 2882 in
1007 2829 1130 2882 scholiis
1148 2829 1315 2897 digerendis

222 2909 252 2983 et
274 2898 446 2980 refingendis
466 2897 584 2980 plurimi
599 2897 656 2953 ium
674 2911 821 2981 notarunt,
854 2899 943 2952 etism
961 2896 1147 2979 Heinrichius
1168 2898 1314 2978 infelicem

224 2981 580 3102 2⁸5..⁰‘3222¹..¹.¹¹;!’‘.¹d:.2.
596 2967 1315 3117 llis{ethdd}.:.¹:.⁸tzh¹.’.l.¹;l..':i‘.¹hff

224 3127 280 3177 que
296 3109 334 3161 nh
350 3108 535 3163 Triocarello
558 3109 686 3174 iunctos,
715 3107 858 3161 immerito
880 3120 967 3175 ssepe
989 3107 1153 3160 dc'ordms
1178 3120 1316 3175 perverso

224 3189 352 3246 questos,
372 3189 402 3229 ut
421 3196 448 3247 p.
466 3181 515 3244 66,
534 3179 582 3243 ⁷3,
599 3181 650 3242 87,
669 3179 742 3230 male
760 3176 874 3244 singula
892 3177 1044 3246 disposuit.
1083 3175 1195 3231 Deinde
1214 3193 1315 3246 repre·

225 3248 403 3302 hendendom
423 3257 477 3309 est,
496 3248 571 3314 quod
590 3264 645 3301 uon
658 3246 928 3313 l'rincurellianum,
949 3260 979 3302 ttt
999 3257 1139 3316 parerat,
1158 3246 1209 3301 sed
1223 3243 1317 3299 Hein-

225 3316 335 3371 sianum
360 3317 521 3384 exemplum
545 3317 763 3370 describendum
781 3315 902 3369 cnrurit.
939 3316 982 3370 ltu
1008 3316 1044 3368 de
1069 3331 1111 3369 rs.
1135 3316 1187 3370 236
1214 3315 1272 3366 »dni
1289 3315 1317 3365 di

225 3389 326 3438 δεινοῖσι
344 3383 476 3456 supinum«
497 3401 542 3453 ap.
555 3385 655 3440 l'rinc.
669 3385 747 3440 Diae.
767 3386 809 3439 ait
828 3387 885 3437 acui
902 3381 980 3438 ridi
997 3385 1261 3449 chramnelenus
1278 3402 1317 3445 rr,

226 3454 328 3510 Heius.
348 3469 439 3508 autem
462 3464 491 3510 et
511 3454 661 3510 Heinrich.
688 3454 761 3509 mole
786 3453 861 3508 inter
883 3466 1020 3509 osuerunt
1047 3470 1143 3507 vocent
1165 3454 1319 3518 tremendos

226 3525 464 3593 scripseruntque
493 3523 551 3574 seui
570 3520 600 3575 τὸ
627 3525 831 3591 βαινουσέων
847 3473 882 3576 dl
891 3524 1024 3576 inirem
1039 3523 1091 3587 ipo
1106 3525 1155 3574 τοῦ
1174 3541 1210 3577 r«.
1246 3520 1318 3574 Tuo

227 3595 292 3662 ipse
313 3594 461 3647 Heinrich.
492 3593 630 3648 interdurn
656 3610 690 3646 ea
717 3593 876 3649 infeliciter
897 3591 1035 3648 correxit.
1072 3590 1124 3647 Sic
1141 3591 1216 3659 quod
1235 3606 1318 3647 unum

227 3664 257 3718 in
277 3660 364 3715 scuto
384 3673 478 3717 exstat
490 3661 631 3718 Triclinii
651 3663 800 3728 scholion,
819 3662 912 3732 ipsius
930 3679 1010 3717 manu
1030 3660 1057 3714 in
1075 3661 1138 3716 eod.
1156 3661 1228 3717 ven.
1241 3662 1318 3717 scri·

227 3744 326 3804 pturn,
343 3732 371 3785 in
391 3731 448 3785 stne
467 3734 542 3786 haec
555 3734 643 3788 rerba
661 3735 762 3800 habel,
794 3730 965 3795 »θαυμαστὸν
981 3729 1033 3802 γὰρ
1049 3727 1202 3802 inclementi
1219 3734 1266 3799 τῆς
1284 3724 1316 3780 ἆ·

227 3803 316 3858 enidos
333 3799 447 3859 ἀπέδειξε
463 3801 561 3870 ταύτης
586 3804 742 3872 succentoris
770 3811 849 3856 recte
869 3803 921 3856 illa
938 3819 955 3856 a
971 3802 1043 3870 Bog.
1069 3800 1099 3854 ln
1117 3800 1234 3854 latinum
1257 3814 1319 3852 ser·

227 3886 336 3925 monent
356 3871 507 3924 translata:
545 3873 718 3940 »Utrumque
743 3870 815 3926 enim
842 3877 892 3934 (sc.
916 3884 1026 3940 poetam
1050 3879 1079 3923 et
1097 3869 1250 3932 artificem)
1268 3868 1319 3921 ad·

228 3941 386 3994 mirandum
407 3939 533 3995 reddidit
552 3942 673 3995 huiusce
690 3943 788 4014 clypei
809 3941 979 4028 opificium«
1018 3940 1096 3992 Haec
1111 3938 1260 3992 Heinrich.
1279 3937 1320 3992 ita

229 4008 400 4077 corrigenda
421 4010 531 4078 putavit
549 4028 576 4080 p.
592 4012 625 4065 74
643 4021 700 4065 not.
739 4012 810 4064 »Καὶ
826 4032 843 4080 η
859 4012 906 4079 τῆς
923 4006 1032 4067 druidae
1048 4005 1175 4067 ἀπόδειξις
1193 4007 1236 4057 καὶ
1252 4005 1319 4058 τοὺ-

230 4098 277 4149 της
293 4077 459 4147 assaumis
498 4079 629 4149 Denique
641 4080 723 4134 etium
738 4080 907 4160 perticulam
921 4077 1095 4133 scholiorum
1106 4078 1150 4142 (od
1162 4077 1235 4130 ΜΒ
1245 4078 1320 4160 sqq.)

231 4149 346 4202 omnino
362 4148 561 4216 praetermisit.
597 4148 782 4203 Galsiordttts
802 4166 869 4204 vero
888 4147 1089 4202 Heinrichium
1108 4146 1247 4200 interdum
1268 4162 1320 4200 tra·

231 4218 334 4271 merito
353 4231 501 4286 sequutus,
520 4219 549 4273 in
570 4219 661 4289 picris
682 4236 717 4272 ue
737 4231 825 4273 tatnen
845 4216 956 4273 Heinsii
975 4219 1135 4287 exemplum
1155 4217 1321 4287 typothetae

233 4286 361 4341 tradidit.
397 4291 442 4341 lle
461 4287 583 4342 Heinsio
598 4289 651 4345 cir.
700 4286 774 4342 aiclr.
792 4286 883 4342 duim.
903 4289 937 4342 ad
958 4288 1081 4340 Ammon.
1102 4302 1128 4353 p.
1144 4287 1202 4340 lot.

283 4358 311 4419 6)
331 4356 393 4411 Ηοο
412 4357 478 4413 loco
497 4357 639 4412 Woliiana
660 4358 796 4412 nonnulla
814 4356 941 4420 inserui,
961 4356 1092 4410 inchoata
1112 4355 1241 4423 quidem,
1266 4368 1321 4409 non

233 4425 380 4493 perfectu,
405 4444 457 4481 nec
481 4428 518 4481 de
535 4426 623 4482 Scuto
648 4427 713 4481 solo
730 4427 824 4492 dicia,
847 4426 898 4482 sed
918 4427 958 4481 ita
978 4437 1068 4481 tanten
1087 4436 1265 4490 comparate,
1293 4432 1322 4475 nt

235 4493 387 4616 ipsundunt
407 4497 565 4552 lectoribus
583 4509 612 4554 et
629 4497 703 4553 urile
720 4498 886 4565 rideretur,
913 4497 939 4552 sl
965 4497 1012 4551 rel
1036 4496 1087 4549 hus
1111 4492 1249 4564 reliquias
1266 4506 1321 4547 nott

234 4577 252 4616 s
274 4578 403 4623 tacerem.
497 4592 501 4603 ι

1034 4692 1111 4767 20*
