3044 5264
279 470 283 479 .
349 405 404 480 48
790 405 989 482 2x0A1A.

350 618 540 715 Εὐρυσθέα,
589 614 662 688 ἀλλ’
683 614 762 688 .οῧκ
798 616 939 704 ἠδύνατο
958 611 1002 715 1).
1069 616 1115 688 Τό
1150 613 1267 688 λοιπόν
1304 620 1377 708 ἐμοὶ
1408 614 1427 687 ὁ

350 723 435 805 θεὸς
458 728 512 791 καὶ
537 716 558 803 ἡ
585 716 667 809 τάχη
691 721 815 803 ίπέςαξε
840 719 1001 811 χαλεποὺς
1028 715 1163 810 άγῶνας.
1190 711 1346 813 (Πρῶτον
1369 724 1430 807 μὲν

350 823 416 915 γάρ
444 821 507 906 τὴν
538 819 640 912 δοράν
673 825 735 890 τοῦ
757 827 922 911 Νεμεαίου
957 827 1087 902 λε’-ουτος
1112 827 1228 915 ἔφερον
1253 825 1299 914 τῷ
1323 824 1431 913 Εὐρυ-

352 931 447 995 σθεῖ·
474 925 509 992 ἐν
530 927 665 1015 δευτέρῳ
690 925 724 990 δὲ
749 919 847 1015 άθλῳ
874 924 1032 1018 ἐφόνευσα
1054 921 1115 1006 τὴν
1131 928 1296 1012 Λερναίαν
1316 918 1430 1013 ὕδραν·

352 1029 387 1096 ίν
409 1026 456 1118 τῷ
480 1032 578 1116 τρίτῳ
606 1026 641 1091 δὲ
672 1023 806 1112 ἐκόμισα
843 1026 930 1116 αὐτῷ
961 1026 1066 1108 ζῶσαν
1090 1021 1151 1107 τὴν
1171 1020 1339 1114 Καρνῖητιν
1360 1026 1430 1092 ἔλα-

351 1153 419 1221 φον
443 1120 504 1207 τὴν
528 1125 665 1214 ἔχουσαν
686 1127 793 1217 χρυσοῖ
811 1133 930 1218 κέρατα
953 1131 1007 1194 καὶ
1024 1133 1197 1213 γενομένην
1212 1119 1246 1219 ²)
1274 1127 1308 1195 ἐν
1333 1123 1429 1220 Οἰνόη

351 1223 459 1298 πόλει·
487 1226 522 1294 ἐν
536 1228 583 1317 τῷ
601 1220 743 1317 τετάρτῳ
763 1229 798 1293 δὲ
823 1221 960 1314 ἐκόμισα
983 1223 1042 1295 τὸν
1063 1222 1285 1319 Ἐρυμάνθιον
1306 1226 1432 1317 κάπρου

351 1334 469 1413 ζῶντα·
497 1327 532 1394 ἐν
554 1327 602 1418 τῷ
624 1335 758 1418 πέμπτῳ
784 1328 819 1394 δὲ
845 1327 995 1414 ἐξέβαλον
1028 1323 1089 1408 τὴν
1121 1329 1185 1396 τοῦ
1203 1326 1344 1412 Αἰγείου
1375 1325 1432 1394 κά-

352 1445 450 1522 προν·
479 1429 513 1496 ἐν
536 1432 581 1519 τῷ
607 1431 685 1520 ἕκτῳ
711 1431 746 1494 δὲ
771 1423 907 1515 ίκόμισα
927 1430 1013 1522 αὐτῷ
1039 1425 1099 1508 τάς
1122 1429 1358 1522 Στυμφαλίδας
1378 1424 1434 1518 όρ·

350 1535 466 1610 νιθας,
510 1530 545 1597 ἐν
579 1534 623 1621 τῷ
658 1523 785 1621 ἑβδόμῳ
819 1532 854 1596 δὲ
890 1526 1027 1618 ἐκόμισα
1060 1530 1148 1621 αὐτῷ
1181 1527 1240 1598 τόν
1267 1527 1435 1619 Κρητικὸν

351 1633 487 1723 ταῦρον·
515 1630 550 1697 ἐν
573 1632 620 1722 τῷ
645 1625 748 1721 ὀγδόῳ
772 1629 906 1718 ἐκόμισα
929 1632 1015 1723 αὐτῷ
1037 1627 1099 1710 τάς
1126 1628 1292 1711 λυσσώσας
1312 1628 1434 1709 ἵππους

350 1734 412 1801 τοῦ
440 1727 570 1823 Θρῳκός
600 1728 800 1817 Διομήδους·
834 1733 869 1800 ἐν
902 1735 936 1800 δὲ
968 1737 1014 1824 τῷ
1047 1730 1148 1824 ὲνότῳ
1181 1729 1315 1819 ἐκόμισα
1345 1731 1435 1821 αὐτῷ

352 1829 412 1916 τὴν
440 1832 540 1914 ζώνην
565 1834 624 1914 τῆς
647 1832 857 1919 Ἀμαζονίδος
882 1828 1096 1915 Ἱππολύτης·
1123 1834 1158 1901 ὲν
1182 1834 1228 1925 τῳ]
1253 1827 1373 1923 δεκάτῳ
1397 1836 1432 1899 δὲ

352 1928 491 2021 ἐκόμισα
514 1933 605 2025 αὐτῷ
628 1930 706 2012 τούς
720 1933 887 2026 Γηρυόνος
911 1937 994 2022 βοῦς
1009 1935 1042 2016 ἐξ
1065 1935 1222 2025 Ἑρνθίας
1238 1936 1296 2017 τῆς
1314 1932 1431 2018 νήσου·

352 2037 387 2105 ἐν
412 2038 447 2102 δὲ
472 2037 518 2126 τῷ
543 2029 700 2126 ἑνδεκάτῳ
724 2034 860 2121 ἐκόμισα
883 2036 968 2128 αὐτῷ
991 2033 1036 2103 τά
1058 2038 1150 2124 μῆλα
1175 2033 1217 2102 τά
1236 2041 1342 2127 χρυσᾶ
1367 2030 1431 2101 άπὸ

350 2140 416 2204 τῶν
440 2131 652 2226 Ἑσπερίδων·
688 2135 722 2203 ἐν
753 2138 787 2202 δὲ
818 2137 866 2228 τῷ
896 2135 1084 2230 δυωδεκάτῳ
1119 2134 1254 2222 ἐκόμισα
1286 2137 1373 2227 αὐτῷ
1399 2135 1434 2202 ἐκ

351 2238 412 2305 τοῦ
453 2230 537 2326 ᾅδου
576 2232 635 2304 τόν
665 2238 833 2329 Κέρβερον
868 2243 921 2305 καὶ
951 2233 1034 2325 μετά
1069 2240 1172 2305 ταῦτα
1205 2227 1433 2328 ἀπεθεώθην.)

292 2355 327 2410 95
354 2327 437 2431 (95)
453 2336 553 2405 Ἀλλ’
573 2329 605 2430 ³)
633 2338 683 2405 ἐπ’
712 2339 843 2417 εὐθείας
867 2339 976 2407 ἔλαυνε
994 2334 1073 2417 τούς
1089 2334 1217 2416 ἵππους,
1242 2338 1320 2424 μηδ’
1350 2330 1433 2415 ὅλως

352 2440 521 2532 φοβηθείς
537 2431 568 2533 ⁴)
601 2435 660 2506 τόν
691 2434 814 2506 κτύπον
838 2434 970 2527 Ἄρεος,
1006 2435 1044 2519 δς
1075 2440 1133 2507 νῦν
1165 2441 1253 2524 βοῶν
1285 2443 1359 2529 περὶ
1392 2435 1432 2506 τὸ

276 2569 328 2625 1⁰⁰
353 2535 441 2632 ἱερὸν
466 2534 569 2621 άλσος
595 2534 699 2631 (100)
725 2541 787 2609 τοῦ
809 2539 1012 2621 ’Λπόλλωνος
1034 2540 1204 2629 μανιωδῶς
1224 2546 1433 2631 περιέρχεται.

346 2637 473 2720 Ὄντως
498 2638 548 2724 δὴ·
565 2649 621 2710 καὶ
645 2638 774 2730 ἰσχυρὸς
798 2637 844 2709 ὢν
870 2637 889 2711 ὁ
914 2638 1028 2732 Ἄρης
1054 2646 1111 2708 καὶ
1145 2638 1334 2732 ἀκόρεστος,
1376 2644 1435 2708 νῦν

351 2738 410 2835 ὑφ’
442 2737 536 2830 ἡμῶν
565 2742 805 2835 κορεσθήσεται
834 2747 893 2811 τοῦ
924 2747 1078 2830 πολέμου.
1129 2739 1224 2831 Πρός
1248 2745 1368 2810 τοῦτον
1400 2743 1435 2808 δὲ

352 2842 449 2913 πάλιν
474 2836 559 2914 εἶπεν
580 2839 598 2913 ὁ
625 2843 799 2934 ἀμώμητος
816 2837 847 2936 ⁵)
871 2845 1015 2926 Ἰόλαος·
1032 2832 1057 2913 ὦ
1076 2845 1186 2928 ἠθεῖε·
1204 2837 1236 2937 ⁶)
1263 2837 1433 2934 (νεωτέρου

352 2943 414 3034 γάρ
440 2947 508 3013 ἐστι
532 2943 758 3040 προςῳόνησις
781 2945 863 3038 πρὸς
882 2939 1096 3040 γεραίτερον.)
1114 2938 1145 3037 ⁷)
1171 2941 1273 3025 ὅντως
1298 2941 1390 3025 δότοι
1414 2938 1432 3010 ὁ

278 3073 329 3129 1⁰5
353 3045 432 3126 Ζεὺς
457 3053 512 3115 καὶ
538 3044 556 3115 ὁ
582 3045 753 3119 Ποσειδὼν
776 3050 857 3138 τιμᾷ
879 3045 941 3128 την
965 3043 1028 3128 σὴν
1051 3043 1211 3142 κεφαλὴν,
1250 3037 1355 3138 (105)
1382 3038 1434 3122 ὅς-

353 3173 403 3225 τις
428 3144 447 3214 ὁ
476 3151 643 3217 Ποσειδῶν
667 3142 822 3240 φυλάττει
846 3143 906 3227 τὴν
933 3140 1056 3231 θήβην.
1116 3142 1255 3216 ’0ποῖον
1280 3143 1320 3228 δὴ
1345 3141 1434 3232 ἰσχυ-

353 3245 413 3337 ρόν
439 3245 562 3338 βροτόν
582 3246 641 3316 τὸν
659 3247 791 3318 Κύκνον
815 3243 950 3334 άγουσιν
976 3243 1104 3331 εἰςτὰς
1129 3247 1189 3329 σάς
1217 3256 1344 3336 χεῖρας,
1378 3243 1434 3314 ἰ’να

353 3344 456 3441 λάβῃς
496 3353 589 3428 κλέος
636 3346 781 3437 ἀγαθόν.
846 3344 1005 3430 ὲνδόθητι
1045 3348 1088 3418 τά
1134 3345 1293 3438 πολεμικά
1337 3341 1435 3416 ὅπλα.

421 3683 449 3748 1)
468 3681 631 3735 Koehierus
649 3698 686 3736 ex
704 3681 766 3736 cod.
783 3680 940 3753 scripserat
956 3646 1089 3750 ἠδύναντο.

421 3780 449 3844 2)
467 3778 511 3831 Ira
529 3776 636 3847 scripsi
656 3793 692 3830 ex
712 3777 816 3832 Koehi.
836 3777 911 3832 coni.
947 3777 979 3832 ln
999 3773 1217 3842 τοδνεγομίεηκ.
1291 3771 1294 3779 “

421 3872 449 3933 3)
469 3871 531 3923 Ηοο
556 3887 668 3938 quoque
693 3870 721 3923 in
746 3871 827 3933 loco,
860 3883 890 3925 ut
914 3886 1016 3940 supra,
1041 3868 1178 3922 nonnulis
1203 3865 1363 3928 excidisse,
1399 3882 1437 3918 ex

354 3947 415 3993 tots
432 3937 490 3992 ioci
511 3940 621 3992 ratione
639 3940 727 3993 facile
746 3939 931 4005 intelligitur.
976 3941 1037 3994 Nec
1055 3949 1171 4002 caussa,
1205 3954 1256 3990 cur
1274 3937 1302 3988 id
1321 3934 1435 3988 accide-

354 4007 412 4072 rit,
440 4007 563 4060 obscure
581 4021 631 4062 est.
667 4009 792 4077 ineptum
811 4011 885 4061 enim
905 4008 976 4061 iliud
995 4008 1213 4062 additamentum
1232 4007 1268 4059 de
1286 4005 1436 4058 duodecim

354 4074 491 4130 Herculis
510 4076 673 4143 laboribus,
702 4094 774 4145 quae
791 4077 900 4147 scriprs
918 4090 1013 4146 erant,
1040 4078 1075 4132 de
1094 4078 1159 4132 loco
1177 4093 1229 4132 suo
1247 4074 1367 4146 depulit.

421 4170 450 4230 4)
467 4175 593 4238 σοβηθεω
609 4189 647 4226 ex
665 4174 726 4225 cod.
745 4173 851 4228 Kochl.

420 4267 449 4326 ὅ)
466 4265 571 4321 Kochl.
588 4285 625 4321 ex
644 4269 707 4322 cod.
726 4267 857 4338 ἀκόρητος
874 4269 963 4324 dedis

421 4363 450 4430 6)
466 4361 553 4432 ἠθεῖε,
579 4363 665 4430 gisi
692 4354 844 4430 siyrndd'rc

421 4461 449 4525 7)
469 4460 531 4514 cod.
549 4459 712 4532 γηρειότεροτ.
