3044 5264
436 1526 1068 1663 unumunurn
1231 1630 1237 1641 ,

674 1773 823 1781 ..ιο-...-

213 2091 429 2228 Quattuor
448 2122 525 2197 fere
550 2121 681 2198 abhinc
702 2124 806 2197 annis
831 2126 982 2224 contigit
1005 2125 1095 2203 milri
1120 2127 1295 2227 singulari

210 2276 297 2349 erga
330 2276 389 2324 ma
430 2247 679 2325 benevolentia
721 2247 956 2323 Guilielmi
992 2252 1181 2344 licentii,
1205 2264 1209 2271 '
1235 2257 1296 2328 cni

210 2385 385 2474 quantum
418 2377 553 2474 gratiae
589 2373 764 2466 debeam,
816 2399 894 2447 mea
929 2403 975 2450 ex
1009 2380 1178 2450 memoria
1217 2378 1295 2451 tolli

210 2527 407 2602 numquam
431 2504 565 2601 patiar,
609 2514 657 2576 ¹ut
692 2500 921 2575 Friclcriei
950 2502 1149 2602 Augusti
1172 2502 1295 2577 Wol-

210 2628 267 2703 fii
302 2629 472 2729 reliquias
501 2629 725 2729 pervolutata
755 2630 898 2722 liceret,
950 2654 1101 2728 quarum
1135 2626 1198 2703 ille
1227 2652 1296 2702 suo

210 2757 291 2830 inre
323 2781 488 2856 maguam
522 2757 819 2854 exspectationem
854 2753 951 2852 apud
984 2754 1144 2828 eruditos
1178 2757 1296 2831 conci·

210 2894 357 2957 tavent.
437 2883 543 2975 Fuit,
593 2883 729 2976 fateor,
781 2881 883 2956 nullo
909 2879 998 2953 milri
1019 2883 1112 2955 vitre
1136 2892 1297 2981 tempore

211 3011 370 3085 studium
405 3009 451 3087 ad
483 3011 680 3086 doctrinam
713 3010 904 3111 parandam
931 3010 1125 3084 incitatius.
1202 3008 1297 3083 Nam

211 3142 270 3216 cui
296 3143 373 3215 viro
398 3142 531 3239 primas
560 3137 764 3239 pbilolcgae
796 3138 1005 3237 disciplinae
1040 3139 1119 3213 sinc
1155 3149 1296 3213 coutro-

210 3271 327 3344 versia
368 3279 509 3368 patrum
552 3277 756 3341 nostrorum
798 3266 974 3341 detulerat
1013 3278 1131 3361 aetas,
1188 3268 1297 3343 buius

212 3397 327 3496 ipsius
347 3395 406 3469 bis
430 3395 545 3470 oculis
577 3397 668 3469 meis
701 3394 968 3493 contemplabar
996 3418 1163 3486 manum,
1216 3394 1296 3469 dili·

212 3524 370 3624 gentiam
401 3521 603 3598 admirabar
625 3548 738 3621 paene
761 3520 1030 3614 incredibilem,
1080 3532 1213 3621 etqua
1240 3547 1297 3596 ra·

212 3652 311 3724 tione
338 3675 439 3723 snam
464 3647 535 3721 sibi
558 3650 809 3748 praestantiam
835 3649 1073 3746 virtutemque
1098 3673 1297 3746 comparas·

212 3789 288 3871 set,
326 3789 402 3850 turn
427 3776 569 3851 demum
590 3779 791 3876 perspicere
816 3773 906 3849 mibi
921 3772 1080 3848 videbar.
1134 3775 1214 3875 Ego
1229 3777 1297 3877 igi·

211 3917 292 3998 tur,
340 3905 399 3976 cni
423 3929 536 4004 quum
561 3906 695 3987 viverat
720 3929 792 3975 nou
825 3901 943 3975 fuerat
967 3898 1117 3974 facultas
1148 3902 1226 3975 eius
1246 3903 1298 3974 vi·

213 4029 324 4105 alendi
348 4057 539 4124 concessa,
582 4057 689 4132 quam
714 4057 822 4103 unam
843 4028 1038 4128 reliquerat
1057 4029 1114 4101 vir
1137 4054 1298 4103 summus

213 4157 396 4234 doctrinae
429 4183 516 4233 suae
548 4171 585 4234 et
611 4159 811 4234 studiorum
842 4156 1019 4257 effigiem,
1074 4184 1153 4232 eam
1179 4159 1299 4233 animo

212 4284 402 4361 cernebam
436 4286 482 4361 ad
513 4289 633 4360 vivum
667 4312 891 4386 expressam,
944 4282 1213 4386 gandebamque
1254 4284 1298 4359 de

212 4414 392 4490 thesauris
434 4417 527 4490 iuter
566 4414 763 4514 praeclaras
806 4415 885 4488 cius
918 4414 1088 4514 reliquias
1130 4414 1295 4512 repertis.
