3044 5264
631 368 855 477 ’,Σκόπει
1245 387 1299 462 το

215 611 281 677 υθέ
267 616 320 689 έος
348 613 492 698 μητέρα
519 609 654 674 τελεσθέ
640 615 737 677 έντων
765 610 800 676 66
834 609 900 675 τῶν
931 610 1020 677 ἐννέα
1050 607 1161 695 μηνοῖν
1178 598 1210 701 ¹)
1241 614 1299 677 καὶ

213 713 390 796 μέλλοντος
413 711 614 794 γεννηθῆναι
646 714 706 777 τοῦ
733 705 932 800 Ἡρακλέους
963 704 1124 826 πρότερον
1147 734 1209 778 του
1193 703 1297 776 166-

214 814 380 930 ρυσθέους
412 800 498 925 εἶπεν
527 804 545 877 6
571 805 649 888 Ζεύς
678 811 780 895 μέσον
803 805 935 878 πάντων
957 814 1023 879 τῶν
1047 816 1152 890 θεῶν,
1184 803 1238 877 ὅτι
1258 805 1296 889 6¹9

215 908 257 981 ι’έν
279 912 427 1005 γεννηθῆ
452 904 608 998 σῆμερον,
634 912 752 989 ἐκεῖνος
773 905 1007 1004 όναμφιθόλως
1031 910 1191 1004 κυριεύσει
1210 905 1297 978 πόν-

216 1039 280 1081 των
308 1038 375 1100 μου
407 1013 472 1079 τῶν
500 1012 664 1105 παέδφν’
649 1018 790 1087 εκεένων,
824 1007 881 1092 οὓς
913 1015 1115 1098 ἐγέννησα
1099 1039 1133 1081 εκ
1160 1012 1297 1092 θνητῶν

214 1115 385 1201 γυναικῶν.
413 1090 637 1195 ζηλοτυποῦσα
663 1102 724 1181 οὖν
742 1107 763 1194 6
782 1106 876 1231 Ἥρα
901 1118 940 1209 τῇ
961 1109 1147 1209 Ἀλκμννη,
1186 1115 1299 1199 ἐπέσχε

214 1212 276 1295 τὰς
303 1211 419 1293 ὠδῖνας
446 1208 547 1292 αὐτῆς
572 1219 628 1282 καὶ
649 1215 779 1295 ἐποίησε
805 1212 865 1281 τόν
891 1186 1072 1306 Ιιύρυσθέα
1095 1212 1297 1300 γεννηθῆναι

213 1318 347 1432 πρῶτον
375 1316 434 1382 τού
462 1309 698 1404 Ηρακλέους,
719 1316 828 1382 καίτοι
860 1311 941 1383 ὄντα
975 1318 1208 1404 ἑπταμηνιαῖον
1239 1317 1296 1379 καλ

211 1414 262 1504 μῆ
283 1409 498 1507 πληρώσαντα
523 1412 599 1495 τούς
613 1453 614 1456 “
627 1420 717 1485 ἐννέα
745 1418 869 1504 μῆνας·
895 1413 979 1503 μετὰ
1003 1421 1109 1485 ταῦτα
1134 1407 1295 1504 ἐγεννήθη

212 1524 268 1586 καὶ
298 1513 316 1583 6
343 1513 530 1634 Ἡρακλῆς·
548 1508 581 1610 ²)
614 1514 669 1584 διὰ
695 1519 729 1584 66
756 1515 814 1585 τόν
838 1512 938 1606 λόγον
967 1520 1028 1586 τοῦ
1052 1517 1129 1598 Διός
1156 1520 1296 1608 ἐκυρίευ-

214 1643 269 1686 σεν
294 1613 310 1685 6
339 1613 534 1707 Εὐρυσθεύς
559 1619 619 1685 τοῦ
637 1613 843 1736 Ἡρακλέους
865 1626 920 1688 καὶ
939 1625 1003 1686 τῶν
1026 1616 1132 1686 ἄλλων
1147 1611 1293 1685 πάντων

215 1714 298 1788 ὅθεν
327 1724 381 1785 καὶ
412 1713 584 1787 ἀπέστελλε
614 1715 674 1787 τόν
700 1715 872 1838 ίΗρακλέα
898 1719 943 1800 εἰς
968 1719 1123 1816 φρικτούς
1152 1714 1294 1794 ἄθλους,

214 1815 303 1899 ὅπως
327 1822 495 1939 φονευθῇ·
521 1822 673 1914 ἐφοβειτο
695 1816 759 1910 γὰρ
794 1815 896 1889 αὐτόν
921 1817 1002 1889 όνια
1034 1826 1192 1908 γενναῖον.
1225 1842 1296 1902 γεν-

214 1923 371 2002 νηθέντες
402 1908 462 1987 οὖν
498 1923 532 1987 ἐκ
564 1922 622 2002 τῆς
652 1915 896 2008 Λλκμὴνηςό
878 1917 1100 2039 οΗρακλῆς
1123 1945 1159 1987 τε
1186 1922 1241 1986 καὶ
1274 1911 1309 1984 6'

212 2016 387 2113 Ἰφικλῆς,
403 2016 504 2105 ὁμὲν
525 2016 698 2112 Ἡρακλῆς
670 2016 783 2109 ηούγ
812 2018 969 2090 ὑπέπιπτε
988 2048 1033 2115 τῳ
1019 2013 1292 2114 Εύρισθει,ό

216 2126 251 2190 δέ
274 2117 463 2215 ”Ιφικλῆς
445 2117 490 2190 w'v
521 2117 653 2201 όέναλκις
684 2118 861 2192 ύπέκυπτεν
891 2119 989 2216 αὐτῷ.
1058 2120 1158 2192 Κατὰ
1191 2144 1293 2189 τουτο

215 2249 276 2292 ουν
314 2226 398 2310 λέγει
437 2221 475 2292 τό
516 2224 575 2312 οὐχ
605 2219 673 2304 ὁμὰ
709 2228 901 2318 φρονέοντε,
944 2218 1127 2311 ἐπιτῆὸειόυ
1164 2249 1200 2290 τε
1237 2227 1294 2289 καὶ

214 2322 346 2449 έσγυρόν
375 2322 450 2395 τόν
466 2321 638 2417 Ηρακλέα
616 2329 774 2410 αλέγων.
847 2322 913 2396 Τόν
937 2332 996 2412 μὲν
978 2324 1091 2417 υγόρ
1120 2323 1294 2416 Ἠρακλῆν

213 2430 357 2513 ἐγέννησε
386 2431 581 2514 γαμηθεῖσα
613 2427 660 2517 τῷ
684 2427 742 2492 Διῒ
766 2429 814 2520 τῷ
839 2430 899 2519 υἱῷ
926 2454 986 2495 του
972 2428 1141 2519 Κρόνου
1167 2429 1213 2516 τῷ
1236 2451 1293 2511 με·

213 2528 356 2596 λαένσντι
388 2523 449 2606 τὰς
479 2532 651 2620 νεφέλας,
674 2522 734 2594 τόν
770 2497 804 2596 66
831 2523 974 2619 Ιφικλέα
1010 2533 1155 2615 ἐγέννησε
1186 2554 1293 2615 γαμη·

212 2633 315 2698 θεῖσα
344 2631 392 2719 τῷ
427 2625 655 2754 Ἀμφιτρύωνι
692 2632 737 2719 τῷ
773 2627 828 2697 διὰ
858 2634 919 2700 τοῦ
954 2625 1096 2723 δόρατος
1132 2624 1292 2712 σώζοντος

214 2726 274 2797 τόν
303 2726 401 2797 λαόν·
447 2725 568 2815 (55)'
553 2737 716 2815 εγέννησευ
751 2719 811 2798 οὖν
845 2733 1072 2820 διακεγωρισμέ
1075 2758 1132 2814 νην
1163 2726 1292 2816 γενεάν·
1316 2741 1350 2795 55

213 2827 231 2899 6
260 2838 320 2918 μέν
347 2828 411 2950 γὰρ
432 2826 573 2926 Ἰφικλῆς
601 2836 736 2920 σπαρεὶς
766 2828 856 2955 παρόι
887 2833 950 2897 τοῦ
969 2826 1223 2948 Ἀμφιτρύωνος
1251 2821 1293 2951 ῆν

210 2927 353 3015 θνητός,
394 2929 413 3000 6
457 2936 493 3002 66
528 2928 701 3023 Ἡρακλῆς
743 2937 877 3025 σπαρεὶς
910 2929 1002 3024 παρὰ
1041 2935 1102 3001 τοῦ
1136 2921 1269 3010 Διός
1252 2956 1294 3013 ην

211 3029 401 3113 ἀθάνατος

304 3131 417 3215 “0969
446 3131 506 3219 τόν
539 3131 671 3204 Κύκνον
705 3130 764 3203 τόν
795 3130 868 3203 υἱόν
898 3137 958 3202 τοῦ
982 3129 1155 3226 Αρεος’
1140 3129 1293 3256 ἐφόνευσε

211 3232 271 3304 τόν
291 3245 450 3323 γενναῖον.
487 3238 623 3318 πλησίου
646 3233 711 3327 γὰρ
733 3239 794 3304 τοῦ
817 3240 900 3304 ναοῦ
922 3239 983 3304 τοῦ
1002 3227 1276 3317 Ἀπόλλωνος
1242 3264 1291 3306 ευ-

211 3363 267 3428 ρεν
292 3332 393 3405 αὐτόν
420 3345 475 3408 καὶ
508 3336 568 3407 τόν
593 3332 698 3406 αὐτοῦ
721 3346 863 3430 πατέρα,
894 3331 1002 3427 ’Ἄρεα
1025 3335 1084 3406 τόν
1115 3335 1292 3433 ἀκόρεστον
1391 3333 1398 3346 ’

211 3441 274 3508 τοῦ
318 3440 477 3527 πολέμου,
523 3440 665 3519 ἑστῶτας
698 3443 733 3508 έν
764 3440 886 3533 δίφρῳ,
917 3433 1007 3606 έ(60)
1032 3432 1223 3565 λόμποντας
1257 3443 1292 3509 ἐν
1315 3448 1351 3504 60

211 3545 282 3619 τοῖς
307 3534 437 3620 ὅπλοις,
477 3536 578 3633 ὥςπερ
604 3544 674 3634 φῶς
692 3537 794 3630 πυρός
817 3547 989 3626 καιομένου
1014 3544 1070 3606 καὶ
1093 3536 1290 3628 λάμποντος.

213 3638 257 3720 εἰς
277 3638 338 3724 τῆν
361 3647 421 3727 γῆν
446 3639 569 3708 κτύπον
593 3637 776 3766 εἰργάζοντο
799 3646 832 3708 06
851 3647 958 3727 ταχεῖς
981 3637 1076 3708 λπποι
1101 3644 1161 3709 τοῦ
1181 3637 1292 3754 Ηρα·

212 3745 340 3822 κλέους,
377 3739 551 3823 κόπτοντες
552 3735 620 3861 ’⁸³6
629 3739 733 3824 αύτῆν
757 3744 791 3809 ἐν
820 3751 893 3821 ταῖς
918 3737 1034 3820 ὁπλαῖς
1064 3744 1129 3808 τῶν
1152 3737 1289 3828 ὀνύχων

211 3838 300 3924 κόνις
331 3845 418 3910 66’
400 3853 486 3939 αμφὶ
520 3839 642 3925 αὐτούς
676 3843 871 3934 διηγείρετο,
916 3850 1099 3928 κοπτομένη
1133 3838 1196 3909 ύπό
1233 3843 1292 3908 τοῦ

278 4123 501 4198 1)ἦμῖροιεοᾱ.
536 4124 578 4178 Ῑέ.
596 4124 870 4177 οηίεετελεσυόποι.
906 4128 984 4181 Quae
1006 4136 1174 4195 sequuntur,
1199 4127 1291 4184 simili

210 4198 323 4253 ratione
342 4206 569 4257 enarratum,
595 4207 679 4261 utque
697 4211 714 4247 a
732 4193 894 4249 Scholiasta
913 4196 1029 4250 Homeri
1046 4198 1082 4251 ad
1100 4197 1244 4261 11.v,119.

278 4295 306 4360 2)
325 4293 388 4348 cod.
402 4288 552 4363 ’.Ηραιλεύς

277 4389 306 4445 3)
318 4388 358 4441 ln
375 4388 438 4441 cod.
458 4385 565 4454 legnur
581 4384 718 4455 κρέκοντες
744 4401 815 4453 quae
832 4385 928 4439 eadem
946 4386 1092 4457 scnptura
1108 4402 1137 4441 το
1155 4401 1241 4455 marg.
1261 4395 1292 4439 et

210 4457 267 4525 gl.;
293 4455 852 4513 Κοεο1.τουῖ.ιιόπτοττεςνο1ιλλιοιτει
