3044 5264
353 375 429 461 tea
621 381 900 464 APPARATUS
935 387 1159 464 CRITICUS.

352 592 462 672 »aina«
495 596 565 680 ait,
611 604 723 666 »eunt
748 591 803 694 (nt
829 588 989 692 vertunt)
1020 585 1066 661 ab
1100 585 1180 682 εἶμι,
1222 611 1286 677 eo,
1326 585 1432 677 vado,

351 696 512 795 quamvis
537 692 605 767 hoe
627 697 665 765 in
691 694 770 768 loeo
790 692 973 767 commode
998 695 1060 766 εἰσι
1084 687 1131 761 ab
1156 691 1223 783 εἰμὶ
1246 713 1324 760 esse
1351 713 1434 783 pos·

342 800 411 869 ait.
463 796 554 870 Nam
580 793 645 890 εἶμι
670 821 713 868 eo
737 799 776 869 iu
799 792 827 866 5
853 794 903 891 pl.
931 819 1003 866 non
1031 791 1159 883 format
1182 793 1259 875 aiot,
1305 790 1434 861 sedin

350 898 453 969 tertia
476 895 707 995 singularior
759 897 883 994 anue
903 896 1077 991 scriptura
1102 902 1241 987 reperta
1264 901 1320 963 est
1345 887 1435 991 (σχε-

349 999 410 1074 δόν
432 998 507 1097 εἰσι)
534 1000 573 1068 in
597 997 701 1070 codd.
731 998 857 1086 Alo,
891 1007 927 1068 et
952 996 1021 1066 fuit
1051 996 1121 1063 iam
1156 990 1353 1090 ap.'sehol.
1384 992 1431 1085 i'.,

349 1113 391 1171 nt
413 1123 458 1171 ex
481 1124 587 1196 supra
613 1099 738 1196 positis
763 1097 882 1170 verbis
908 1099 985 1169 eius
1010 1106 1169 1192 apparet.

446 1199 603 1273 Alteram
632 1202 842 1296 scripturam
878 1197 940 1273 εἶσι
974 1199 1044 1268 iam
1070 1207 1209 1267 veteres
1233 1205 1429 1267 tentarunt.

348 1291 430 1374 Hae
455 1302 550 1372 enin
587 1300 797 1385 trahendum
832 1311 886 1370 est
919 1297 1032 1370 schol.
1068 1297 1304 1368 ahiatthaeio
1339 1297 1432 1367 inii

347 1405 552 1490 inventurn,
597 1400 642 1474 de
674 1421 745 1500 qno
770 1403 819 1473 ita
845 1400 974 1472 referta
1029 1401 1097 1470 »ln
1132 1422 1202 1468 nna
1237 1400 1369 1495 pagina
1392 1399 1432 1468 in

347 1501 438 1574 cod.
480 1513 679 1601 sequnntur
713 1501 752 1574 hi
783 1527 907 1574 verane
946 1529 965 1573 a
1000 1529 1036 1572 v.
1064 1495 1145 1570 105
1175 1498 1220 1571 ad
1241 1495 1330 1570 119.
1385 1499 1433 1570 Et

347 1606 466 1676 versui
487 1600 566 1674 111
605 1617 641 1676 et
675 1629 778 1702 seqq.
812 1601 899 1675 haee
932 1601 1132 1698 adscripta,
1181 1586 1272 1698 quae
1308 1602 1431 1672 neseio

345 1729 418 1802 quo
448 1705 666 1803 pertineant:
713 1713 786 1781 ἔθει
818 1713 954 1804 θηβαίῳ
987 1715 1084 1796 λέγει·
1122 1714 1154 1777 οἱ
1187 1705 1253 1796 γὰρ
1284 1711 1431 1793 θηβαῖοι

344 1819 416 1893 τοῖς
439 1817 672 1895 nimionimio
704 1807 864 1899 ὀνόμασιν
888 1812 1069 1901 ἀρσενικοῖς
1093 1816 1150 1878 καὶ
1176 1810 1336 1891 θηλυκοῖς
1359 1813 1427 1877 ἐπι.

344 1918 483 2004 φέρουσι
506 1909 640 2004 ῥήματα
664 1909 786 1982 ivano·
848 1908 892 1977 ln
923 1907 1016 1977 hane
1040 1904 1188 1977 eandem
1221 1906 1424 2000 opinionem

341 2021 464 2105 postea
489 2006 729 2105 Goettlingius
760 2005 900 2080 incidit.
978 2005 1053 2077 Alii
1078 2006 1187 2077 aliter
1207 2005 1422 2095 indicarunt,

394 2135 494 2180 orum
525 2109 699 2205 imprimis
732 2109 781 2178 ef.
802 2106 973 2198 Ahrena,
1013 2107 1163 2206 Conjup.
1194 2105 1267 2206 auf
1286 2140 1340 2202 μι,
1384 2133 1423 2203 p.

343 2134 543 2283 ihetsst.
620 2207 712 2278 Mihi
746 2210 784 2277 in
819 2210 995 2304 scriptura
1028 2212 1091 2283 tior
1127 2207 1424 2306 acquiescendum

343 2306 504 2398 videtur,
545 2334 636 2405 qnae
671 2307 988 2382 commodissimam
1022 2307 1090 2381 hoe
1115 2308 1194 2382 loeo
1225 2307 1333 2382 hahet
1356 2311 1422 2380 in·

340 2410 639 2506 ter-pretationem.

438 2512 650 2613 λιλαιόμενοι]
679 2517 879 2609 λιλαιομένοσ
902 2537 961 2610 ap.
990 2510 1075 2584 ΑΜ.
1104 2511 1162 2583 ln·
1184 2508 1221 2583 1.
1245 2507 1287 2583 2.
1330 2511 1423 2584 nihil

339 2622 394 2682 est
419 2613 489 2683 nisi
514 2637 614 2685 error
639 2614 779 2712 typoth.

437 2719 613 2810 πολέμοιο]
636 2717 742 2810 μάχης
767 2715 810 2788 C.
864 2713 990 2786 Multis
1015 2714 1083 2787 hoe
1114 2713 1418 2787 annumerandum

337 2823 393 2885 est
423 2816 654 2908 testimoniis,
707 2826 811 2913 inepe
843 2818 981 2916 glossas
1014 2816 1052 2886 in
1093 2819 1208 2888 nostri
1251 2817 1418 2889 carminis

335 2917 510 2987 contenis
535 2915 621 3015 legia

341 3078 344 3083 ,
431 3012 527 3086 114.
580 3018 624 3091 τά
648 3028 745 3118 σφιν]
774 3023 817 3092 τά
836 3049 898 3117 σφι
921 3016 1009 3088 GR.
1063 3022 1201 3117 τάσφειν
1226 3019 1268 3089 Ε.
1388 3023 1390 3027 ’

432 3120 516 3191 πολὺ
539 3123 692 3215 φίλτερα]
744 3120 839 3190 Haec
864 3120 1038 3214 scriptura
1063 3143 1108 3189 ex
1131 3119 1183 3209 Τ,
1231 3121 1269 3190 ni
1295 3117 1413 3211 fallor,

332 3213 371 3286 in
398 3215 546 3306 Trina»,
596 3218 680 3290 inde
712 3219 750 3289 in
776 3217 903 3315 Staph.
931 3229 968 3290 et
1000 3216 1136 3319 reliqna
1171 3218 1330 3316 exempla
1360 3248 1415 3293 re·

331 3317 486 3387 eentiora
519 3320 635 3409 venit,
676 3345 768 3418 quae
805 3318 990 3417 usquead
1017 3318 1272 3416 Goettlinginm
1300 3320 1344 3392 ab
1371 3348 1414 3394 eo

330 3432 404 3487 hon
427 3431 671 3509 recesserunt,
703 3419 787 3491 dnm
812 3422 1033 3518 antiquiora,
1071 3433 1112 3493 nt
1134 3421 1222 3505 ΑΜ.
1250 3418 1409 3494 ioht.

293 3545 297 3551 ¹
329 3514 436 3588 Froh.
470 3517 573 3591 Base.
611 3519 702 3617 Bog.
731 3522 869 3592 Benen.
908 3521 1007 3592 Fert.
1049 3536 1190 3623 φέρτερα
1226 3521 1409 3594 exhibent.

328 3615 401 3689 Sed
442 3617 528 3690 libri
570 3617 732 3718 plerique
777 3637 919 3719 pepupa
955 3620 1145 3717 praebent,
1203 3626 1411 3695 nominatim

327 3719 1199 3818 Anaspr.m.cn1⁴JFGflltthPsv3
1240 3727 1279 3795 in
1303 3725 1348 3797 Β.
1379 3735 1411 3800 ιλ

326 3829 381 3890 eat
404 3818 444 3889 in
468 3817 576 3892 litora
600 3824 783 3919 seriptum.
821 3823 923 3898 Diae.
952 3822 1060 3895 hahet
1095 3835 1218 3900 »πλέον
1243 3836 1301 3916 τῆς
1334 3856 1410 3926 τρο·

325 3925 394 4014 φῆς
417 3920 595 4016 ἀγαπῶμεν
619 3925 678 3998 τὸν
706 3924 872 4016 πόλεμον
899 3935 934 3994 et
959 3923 987 3995 f.
1017 3924 1181 3997 similiter
1213 3930 1323 4000 »κατὰ
1347 3956 1409 4000 πο·

324 4022 363 4090 λὺ
390 4025 539 4113 ariagnae
564 4023 830 4120 ἆγαπητικώτερα
854 4025 955 4116 ἡμῖν·
989 4019 1038 4096 ei'.
1067 4053 1165 4122 supr.
1195 4053 1232 4123 p.
1253 4024 1327 4120 195
1362 4053 1407 4098 ex

324 4141 394 4213 qua
439 4130 590 4217 utraque
628 4124 917 4218 interpretatione
963 4128 1050 4196 eerti
1095 4125 1186 4197 nihil
1226 4129 1402 4225 seqnitur.

323 4214 415 4287 Mihi
441 4215 892 4296 necessario'redeundnm
927 4223 1069 4297 videtur
1101 4227 1146 4299 ad
1177 4231 1402 4323 scripturam,

320 4343 427 4414 quam
452 4316 622 4416 pleraque
646 4326 845 4396 testimonia
870 4324 1093 4400 ooniirmant.
1134 4328 1183 4400 ei'.
1217 4329 1325 4403 Hom.
1355 4330 1400 4400 11.

320 4419 359 4510 l,
394 4413 470 4487 169
514 4424 601 4510 ἐπειὴ
636 4428 721 4499 πολὺ
755 4427 913 4527 φέρτερόν
949 4435 1035 4511 ἐστι,
1087 4432 1255 4529 quoniam
1290 4431 1402 4504 multo
