3044 5264
362 1336 941 1525 Pelnnlnlo
1023 1448 1032 1457 ·
1173 1516 1177 1524 ,

556 1617 570 1624 0
577 1617 745 1626 .-ἢκ-...Δ
751 1619 760 1626 -

107 1888 390 1991 Fridericns
422 1913 656 2014 Angustus
683 1908 890 1989 Wolfins
923 1917 1007 1992 licet
1035 1920 1073 1992 in
1105 1919 1198 1996 hane

109 2045 224 2118 paene
248 2016 450 2091 devenisset
481 2020 713 2109 sententiam,
759 2019 851 2091 nihil
877 2032 919 2093 ut
947 2021 1122 2094 commodi
1146 2022 1199 2096 ad

109 2118 345 2193 emendandas
366 2118 518 2212 Hesiodi
541 2118 712 2218 reliquias
736 2137 782 2193 e'x
804 2120 907 2194 libris
929 2127 1198 2223 manuscriptis

107 2221 389 2296 redundaturum
429 2247 507 2295 esse
544 2233 804 2320 auguraretur:
831 2235 974 2297 -tamen
1014 2227 1091 2323 ipsc
1132 2229 1197 2298 ali·

107 2323 267 2423 qnando·
286 2324 530 2396 collectionem
572 2326 715 2396 criticae
752 2324 985 2423 supellectilis
1026 2330 1194 2419 institnit,

105 2428 169 2499 sed
195 2451 294 2518 euna,
339 2434 382 2497 ut
416 2428 553 2524 reliqna
583 2427 721 2516 omnia,
767 2454 857 2524 qnae
890 2427 1039 2500 Hesiodi
1070 2455 1196 2502 caussa
1226 2485 1233 2499 .

105 2537 331 2623 susceperat,
393 2527 593 2599 inchoatum
634 2525 795 2624 reliquit.
854 2529 1044 2602 ¹Nostrum
1083 2533 1197 2629 igitar

25 2711 26 2714 Ἴ
105 2627 333 2720 videbatur,
365 2631 442 2700 hac
464 2628 608 2727 quidem
643 2629 683 2699 in
721 2641 839 2725 perte,
879 2632 910 2702 si
944 2628 1023 2702 lieri
1058 2643 1194 2728 posset,

106 2729 296 2802 consilinm
330 2730 407 2802 eins
442 2731 632 2829 persequi:
685 2729 722 2802 id
762 2729 859 2828 qnod
899 2757 941 2804 eo
976 2736 1196 2829 promptiore

105 2831 267 2929 aggressi
300 2855 422 2904 snmus
453 2833 592 2922 animo,
643 2857 716 2930 qno
749 2834 860 2902 meior
893 2858 971 2904 esse
1005 2832 1198 2904 uidebatur

104 2931 304 3005 lllnctzellii
344 2934 558 3023 auctoritas,
605 2931 648 3004 de
685 2933 931 3006 emendatione
964 2934 1196 3030 Theogoniae

104 3033 304 3107 Hesiodeae
335 3032 573 3132 disputantis,
623 3036 688 3133 qui
722 3036 864 3106 futuros
891 3045 1015 3132 poetae
1041 3034 1199 3109 editores

104 3137 239 3208 illustri
264 3134 386 3234 aliquo
414 3135 576 3234 exemplo
603 3139 786 3234 proposito
811 3135 856 3208 ad
881 3163 968 3234 opes
993 3138 1134 3209 criticas
1159 3146 1198 3210 et

105 3236 1196 3439 ffifflffffidfflffissfflffissffifflffffi

294 3390 304 3407 ο
827 3392 839 3429 ,
1180 3379 1195 3396 “

104 3439 182 3511 bris
207 3440 351 3537 scriptis
378 3450 415 3512 et
440 3438 544 3512 editis
569 3441 615 3513 ad
641 3440 788 3514 Scutum
816 3441 982 3513 Herculis
1007 3467 1195 3514 recensen-

105 3541 191 3612 dum
216 3544 291 3640 peti
316 3553 454 3640 posset,
492 3552 534 3614 ut
554 3542 704 3615 etmihi
729 3555 866 3640 pateret
891 3553 929 3614 et
950 3541 1052 3635 aliis,
1093 3569 1195 3615 nnm-

104 3643 194 3743 quid
220 3655 315 3715 esset
333 3643 456 3717 bonae
480 3643 602 3743 frugis.
622 3644 706 3716 inde
732 3644 963 3741 sperandum.

207 3745 289 3838 Qun
314 3747 352 3815 in
379 3773 417 3819 re
439 3746 601 3843 prolecto
615 3744 822 3818 Muetzellio
842 3745 1021 3818 feliciores
1043 3744 1194 3815 inimus.

104 3847 265 3917 Primum
293 3849 387 3919 enim
414 3850 507 3920 inter
525 3846 654 3919 Woltii
680 3847 851 3945 reliquias
877 3857 1055 3919 servatum
1075 3846 1197 3942 accepi

102 3948 171 4018 Jo.
196 3947 354 4019 Bernh.
378 3949 589 4021 lioehleri
614 3961 843 4046 apparatum,
885 3948 1032 4019 Parisiis
1058 3957 1095 4018 et
1116 3947 1196 4017 tlo-

104 4048 225 4120 nachii
257 4075 302 4121 ex
328 4052 489 4148 quinque
517 4049 699 4122 codicibus
725 4049 934 4138 collectum,
972 4048 1041 4119 cl'r.
1071 4046 1206 4135 Woll'.⁴

103 4149 226 4221 Anall.
255 4154 364 4224 litter.
386 4151 465 4241 lll,
499 4178 536 4248 p.
561 4147 740 4247 2753eq.
814 4151 976 4223 Contulit
1003 4151 1099 4222 enim
1134 4147 1196 4222 ille
1312 4175 1316 4183 “

104 4278 187 4322 cnm
213 4253 407 4325 lleinsiano
434 4252 597 4351 exemplo
623 4252 672 4346 (a.
694 4249 818 4353 1605)
844 4250 950 4326 codd.
979 4253 1197 4324 Parisienses

104 4349 237 4445 2708,
269 4352 397 4443 2772,
429 4351 554 4444 2775,
583 4351 713 4448 28553
762 4380 834 4428 non
865 4356 935 4448 ita,
982 4365 1023 4426 nt
1054 4377 1197 4425 omnem

105 4457 301 4553 scripturae
335 4468 494 4529 enataret
525 4456 787 4548 diversitatem,
833 4454 898 4529 sed
933 4459 973 4528 dt
1008 4452 1196 4543 delibaret,
