3044 5264
207 377 288 454 570
533 379 693 457 AETAS
726 375 967 452 CARMINIS.

208 587 384 660 sententia
411 585 557 656 Homeri
589 582 881 683 reliquorumque
915 589 1076 653 veterum
1110 589 1307 678 poetarum

210 717 253 762 cx
272 713 370 760 more
389 688 557 776 instituit,
591 698 627 757 et
646 689 737 757 vium
763 686 1001 757 recentiorum
1027 678 1195 752 consulto
1220 683 1305 752 reli·

212 792 305 890 quit.
380 785 568 859 Crederem
596 813 684 882 ego,
726 789 796 857 nisi
832 787 968 882 reliqua
1002 784 1121 854 omnia
1150 781 1304 853 eandem

172 940 174 943 -
209 917 295 990 prae
335 914 373 960 se
414 887 551 959 ferrent
592 887 754 960 heroicae
797 889 921 957 aetatis
964 883 1147 976 indolem,
1203 882 1309 954 haud

210 991 319 1064 dubie
344 990 440 1062 enim
467 1014 506 1060 se
531 987 736 1085 proditurus
772 989 908 1068 luisset
925 987 1046 1085 aliquo
1070 995 1167 1056 certe
1196 983 1308 1056 modo

211 1096 387 1184 imitator,
444 1101 486 1161 ut
514 1115 609 1161 nunc
636 1115 693 1162 res
719 1101 794 1181 est,
844 1087 942 1159 nulla
968 1111 1172 1159 resumere
1205 1087 1306 1183 cogi·

211 1220 313 1286 mur,
355 1203 495 1289 poetam
523 1188 628 1261 aliam
654 1190 810 1263 voluisse
833 1186 999 1261 llerculia
1033 1186 1182 1258 sormam
1211 1185 1307 1284 ligu-

211 1319 360 1394 ramquc
379 1290 597 1389 producere,
647 1318 753 1391 quam
783 1290 923 1390 qualem
950 1290 1071 1361 animo
1098 1289 1175 1386 ipse
1202 1290 1305 1384 cogi·

212 1398 354 1471 taverit.
834 1431 837 1435 ⁴

314 1494 454 1569 Deinde
476 1522 560 1568 vero
585 1497 709 1595 negari
736 1493 878 1593 quidem
914 1517 985 1564 non
1016 1502 1152 1590 potest,
1204 1488 1307 1589 quod

213 1596 446 1670 lleinrichius
464 1600 604 1695 posuit,
639 1599 806 1695 Prolegg.
828 1623 865 1691 p.
879 1595 1021 1666 LXXll
1040 1620 1168 1691 seqq.,
1206 1590 1307 1688 apud

213 1701 429 1797 posteriores
446 1702 548 1771 etiam
563 1711 684 1795 poetas
703 1695 880 1769 interdum
898 1698 1024 1767 veteris
1038 1694 1134 1768 illius
1147 1705 1305 1764 armatu·

214 1827 274 1872 rae
294 1799 461 1871 Herculis
480 1803 695 1871 mentionem
723 1800 822 1869 inlici
849 1795 963 1868 solere
972 1824 984 1890 3
1023 1795 1086 1867 scd
1115 1807 1308 1892 propterea

216 1928 289 1973 uon
305 1900 455 1972 dixerim
477 1927 557 1973 cum
577 1899 699 1972 eodem
718 1902 794 1970 viro
815 1897 932 1988 docto,
961 1896 1176 1968 ‚admodum
1196 1897 1307 1967 vacil-

214 2002 289 2074 lare
316 2013 352 2073 et
376 2001 576 2073 claudicare
603 2004 799 2089 rationem,
835 2026 941 2096 quam
966 2025 1010 2070 ex
1034 1997 1160 2069 habitu
1183 1997 1308 2069 herois

216 2104 262 2175 ad
288 2102 570 2176 constituendam
597 2103 697 2175 Scuti
726 2104 830 2172 llere.
865 2111 1013 2172 aetatem
1044 2099 1176 2196 aliquis
1202 2125 1307 2194 repe·

216 2217 309 2276 tat·
383 2204 475 2274 Nam
509 2230 580 2274 uon
608 2205 735 2274 mirum
761 2200 852 2272 illud
883 2201 1027 2298 quidem
1062 2204 1156 2273 inter
1193 2200 1307 2271 Grac·

216 2330 298 2393 cos,
341 2306 403 2399 qui
430 2303 514 2374 licet
538 2327 666 2400 magno
692 2299 1003 2374 celeberrimorum
1029 2303 1214 2374 attinerent
1238 2327 1308 2370 nu·

216 2429 315 2474 mero
344 2415 546 2498 poetarum,
596 2416 678 2502 post
709 2405 903 2475 Homerum
936 2403 1206 2501 Hesiodumque
1238 2401 1307 2473 llo·

216 2505 394 2595 rentium‚
456 2517 574 2576 tamen
610 2504 675 2576 hos
717 2507 983 2603 antiquissimos
1018 2507 1106 2576 artis
1143 2516 1311 2576 auctores

217 2608 346 2680 ceteris
372 2606 539 2678 omnihus
568 2605 838 2702 praeferebant,
887 2618 923 2677 ct
959 2632 980 2676 a
1021 2607 1145 2703 primis
1180 2607 1310 2678 aetatis

217 2710 323 2780 annis
345 2708 502 2780 ediscere
529 2705 703 2778 solebant.
770 2709 817 2776 Et
844 2707 986 2804 quando
1013 2707 1196 2777 desierunt
1221 2732 1309 2803 poe·

218 2822 298 2900 tac,
352 2810 439 2880 istos
466 2810 660 2879 imitatione
688 2808 908 2905 exprimere?
958 2808 1030 2881 Sed
1055 2835 1224 2904 magnum
1252 2818 1310 2881 est

219 2911 410 2982 discrimen
442 2912 536 2981 inter
560 2910 721 3007 singulos
753 2907 874 2997 locos,
925 2908 1057 3007 quibus
1089 2912 1182 2981 inest
1214 2911 1310 2980 anti·

219 3038 312 3110 quac
338 3011 458 3082 herois
491 3022 688 3083 armaturae
725 3009 938 3107 significatio
963 3011 1126 3108 aliqua,x
1151 3023 1187 3082 et
1213 3013 1310 3081 iuter

219 3137 364 3185 carmen
397 3122 579 3203 nostrum,
633 3113 691 3182 cui
733 3110 802 3182 hoc
843 3138 954 3183 unum
989 3125 1044 3183 cst
1068 3114 1308 3208 propositum,

220 3238 317 3284 arma
350 3210 571 3303 describere,
625 3238 716 3309 quae
741 3214 914 3284 llerculcs
946 3239 965 3283 a
998 3212 1067 3283 diis
1103 3212 1172 3289 sibi
1197 3211 1310 3284 bene·

218 3312 424 3385 volentibus
451 3312 545 3383 dono
567 3326 761 3409 acceperat.
815 3313 898 3384 Non
925 3326 1078 3411 negatur
1100 3315 1211 3402 enim,
1240 3313 1310 3385 So·

219 3414 384 3512 phocium
419 3426 479 3484 aut
505 3414 714 3509 Euripidem
745 3427 807 3485 aut
833 3415 1063 3487 Theocritum
1096 3427 1158 3485 aut
1193 3413 1311 3486 ullum

220 3516 330 3587 alium
350 3526 488 3612 poetam
510 3516 702 3586 Herculem
721 3513 873 3588 heroicis
893 3519 1000 3587 armis
1017 3519 1230 3588 instructum
1247 3529 1312 3588 aut

220 3643 295 3687 non
311 3618 492 3712 cognitum
507 3614 690 3704 habuisse,
718 3629 780 3688 out
798 3619 837 3687 in
851 3617 1067 3688 carminibus
1084 3620 1160 3688 suis
1177 3615 1311 3713 produ·

221 3744 302 3790 cere
320 3744 392 3788 nou
407 3717 579 3813 potuisse.
620 3718 703 3810 Quo
719 3721 810 3788 enim
829 3719 933 3789 modo
952 3720 1103 3817 fugisset
1116 3718 1196 3789 illos
1212 3717 1313 3816 quod

221 3831 383 3906 nostrum
399 3819 576 3889 neminem
591 3819 783 3914 praeterit?
815 3819 994 3892 SedScuti
1005 3819 1175 3892 Herculei
1189 3829 1312 3891 aucto·

220 3947 297 3991 rem
325 3917 554 3991 contenditur
579 3920 700 3991 clavae
718 3920 910 3993 Herculeae
927 3920 1162 4019 leoninaequc
1188 3920 1311 4016 pellis,

113 4112 115 4117 ,
221 4020 355 4117 quibus
381 4031 417 4091 et
439 4019 611 4091 Pisander
637 4033 673 4093 ct
689 4021 914 4094 Stesichorus
942 4049 1022 4094 curn
1046 4025 1311 4113 instruxerunt,

220 4145 340 4217 neque
361 4122 575 4193 mentionem
600 4122 748 4214 iecisse,
798 4150 913 4222 neque
939 4122 1107 4196 habuisse
1131 4125 1310 4196 notitiam.

223 4220 318 4292 lllud
334 4232 472 4293 constat
487 4224 683 4320 unicuique
701 4250 842 4296 carmen
862 4223 1082 4322 perlegenti,
1118 4225 1185 4296 hoc
1206 4223 1312 4296 facile

222 4321 404 4420 colligitur
430 4349 475 4395 ex
501 4348 575 4394 vss.
597 4319 678 4393 124
699 4349 824 4422 seqq.,
871 4328 908 4395 in
935 4325 1066 4422 quibus
1094 4329 1188 4399 inter
1212 4351 1312 4396 arma

223 4427 361 4517 herois,
397 4425 501 4494 utin
529 4422 711 4532 Odyssea,
743 4451 846 4498 arcus
872 4429 977 4500 etiam
1003 4441 1040 4501 et
1063 4428 1131 4503 tela
1157 4452 1311 4501 comma·
