3044 5264
354 395 413 472 98
747 406 789 478 9.·
808 403 855 483 Α.
879 403 1066 482 Wohun

360 611 550 705 editionis,
584 612 724 713 φαεινήν
749 644 785 687 τε
808 616 1025 712 mundium,
1069 636 1164 709 quae
1196 609 1357 685 clausula
1383 613 1458 685 lle·

359 717 490 788 menica
517 724 572 787 est
602 713 648 786 ll.
678 746 714 800 κ,
741 710 805 784 76.
833 757 885 769 -
957 712 998 784 si
1031 709 1200 786 abessent
1227 707 1322 802 199,
1351 710 1455 805 900,

360 820 426 890 etsi
450 814 598 889 Pelladi-
613 814 686 888 duu
704 825 844 889 tautum
870 841 944 888 uss.
974 827 1223 912 superessent,
1258 827 1376 889 tamen
1400 818 1457 887 ni·

360 919 413 991 hil
448 916 637 992 admodum
673 916 720 990 ed
754 914 1030 1014 descriptionem
1066 915 1219 990 deesset.
1285 918 1370 990 Post
1399 943 1454 990 vs.

359 1017 437 1091 198
475 1021 575 1093 euim¹
605 1019 752 1118 frigent
780 1020 963 1117 paunique
1006 1022 1163 1116 speeiem
1199 1017 1336 1092 liabent
1369 1017 1457 1093 haec

295 1169 297 1172 >
359 1133 438 1198 ’ἐπὶ
465 1131 496 1198 δ’
522 1124 622 1219 ᾤχετο
647 1123 792 1223 φύλοπιν
814 1115 946 1211 uiriles«

459 1220 577 1294 202..
613 1224 783 1321 κιθάριζεν
797 1230 934 1312 Λητοῦς
955 1235 1010 1298 καὶ
1031 1224 1111 1310 Διὸς
1134 1223 1220 1316 οἰός]
1247 1224 1300 1294 siu
1321 1219 1454 1321 vulgo;

358 1325 427 1428 (ul.
466 1324 653 1420 κιθάριξεν,
700 1321 803 1421 quud
830 1336 949 1395 tamen
990 1325 1115 1396 vitium
1158 1315 1455 1423 typograplieum

357 1424 530 1526 videtur.)
557 1452 630 1497 nun
653 1425 780 1497 melier
802 1436 856 1497 est
881 1450 1028 1517 versus,
1063 1452 1174 1524 quam
1195 1451 1232 1496 v.
1255 1421 1355 1516 1993
1384 1427 1454 1497 iam

319 1556 321 1561 ’
355 1529 511 1603 duorum
543 1526 649 1601 codd.
685 1527 860 1622 scriptura
895 1518 1050 1625 κιθάριζε
1080 1526 1125 1600 ad
1145 1539 1295 1600 reulum
1323 1526 1454 1600 ducere

355 1632 493 1729 potuit,
537 1629 635 1729 quud
671 1654 717 1700 ex
743 1627 868 1701 Trina.
897 1632 1156 1727 assumpsimus
1190 1632 1268 1717 Διὸς
1301 1640 1359 1705 καὶ
1381 1640 1459 1717 Λη-ι

353 1741 435 1821 τοῦς
460 1736 551 1824 videa
593 1732 649 1804 nia
681 1731 788 1802 etiam
821 1728 1005 1829 legitimus
1037 1730 1125 1803 ordo
1157 1729 1369 1821 verborum,
1411 1739 1454 1802 ut

355 1837 396 1907 in
430 1834 564 1931 Hymn.
593 1833 740 1904 Homm.
772 1842 809 1904 et
833 1831 941 1924 alibi,
980 1858 1053 1904 nou
1074 1842 1209 1922 Λητοῦς
1233 1844 1288 1907 καὶ
1309 1833 1399 1918 Διός.

455 1932 555 2008 205.
610 1936 749 2033 ἄγοντ’]
783 1936 919 2030 optime
948 1946 1147 2007 eurreetum
1185 1931 1230 2005 ab
1258 1933 1306 2003 l).
1334 1933 1450 2006 Heiu-

354 2038 432 2134 si03
468 2036 525 2108 his
551 2035 645 2107 inl'ra
673 2034 795 2108 eadem
821 2061 904 2107 vox.
1290 2077 1292 2080 -

454 2133 551 2208 205.
606 2138 791 2211 ἀθανάτων
815 2145 850 2213 ἐν
874 2138 991 2233 ἀγῶνι]
1028 2134 1118 2209 haee
1148 2136 1328 2234 iungenda
1352 2164 1447 2228 esse,

355 2265 430 2311 uon
454 2250 496 2311 ut
516 2238 578 2310 ulii
602 2237 759 2329 faciunt,
791 2248 825 2313 ἐν
850 2239 952 2333 dysin
973 2249 1055 2315 θεαὶ
1080 2240 1133 2324 δ’,
1159 2248 1317 2335 apparet}
1372 2239 1448 2310 Ab·

355 2338 465 2412 surde
490 2339 529 2412 h.
553 2338 581 2410 Ι.
620 2349 656 2413 δὲ
679 2341 728 2411 ita
759 2342 996 2436 postpositum
1027 2350 1135 2413 esset.
1206 2339 1320 2412 Tutus
1346 2343 1449 2413 loeus

354 2440 475 2513 lucido
501 2440 626 2514 ordine
651 2452 768 2529 earet,
802 2444 956 2514 auctoris
982 2444 1116 2540 ipsius,
1152 2441 1298 2538 opinor,
1326 2441 1445 2538 eulpa.

352 2587 406 2598 —-
455 2552 474 2589 *
499 2542 513 2643 [
523 2545 675 2615 Carmen
702 2544 795 2613 enim
825 2542 935 2616 hoece
967 2570 1013 2617 ex
1042 2542 1206 2616 versibus
1234 2544 1386 2642 integris
1411 2554 1449 2617 et

355 2643 591 2717 hemistichiis
616 2642 761 2716 aliunde
792 2647 912 2740 petitis
948 2647 1076 2718 misere
1108 2647 1342 2742 compositum
1375 2657 1445 2736 est,

353 2746 555 2844 multasque
589 2743 712 2846 habet]
756 2747 1064 2838 reminiscentias,
1113 2772 1202 2846 quus
1235 2750 1274 2819 iu
1312 2751 1446 2824 musica

352 2846 461 2920 hodie
484 2860 633 2939 vocent,
671 2847 795 2945 quales
819 2875 840 2918 a
864 2847 979 2921 doctis
1005 2851 1172 2921 omnibus
1195 2848 1364 2922 facillime
1386 2849 1446 2922 de·

350 2949 646 3047 prehenduntur,
677 2947 723 3020 ab
749 2949 902 3020 induetis
928 2975 1138 3047 numquam.

451 3047 548 3123 209.
600 3085 638 3145 ys
664 3061 746 3151 μὲν]
784 3053 808 3101 *
831 3048 896 3121 has
930 3048 1123 3148 particulas
1142 3075 1274 3125 ‚amare
1302 3052 1445 3126 videtur

292 3195 296 3203 ·
377 3163 469 3224 uem.
664 3160 669 3171 “

350 3179 375 3248 P
451 3247 545 3322 212·
600 3252 864 3352 ἆνοφοσιόωντες
896 3262 1061 3354 ἐθοίνων]
1109 3254 1212 3323 *vix
1250 3262 1443 3350 utrumque

349 3353 457 3426 simul
482 3353 561 3425 fieri
587 3355 730 3450 poterit.
756 3380 873 3452 neque
899 3365 1041 3454 ἐφοίτων
1065 3352 1216 3451 intelligi
1248 3364 1378 3451 petest.

450 3451 542 3525 215.
595 3456 840 3556 ἆπορῥίψοοτι]
881 3456 1006 3528 Trine.
1032 3457 1110 3528 sine
1140 3481 1262 3527 seusu.

450 3552 543 3627 917.
596 3564 616 3603 *
633 3555 737 3627 Nihil
756 3559 947 3656 quicquam
966 3559 1126 3629 insanius
1145 3569 1207 3629 aut
1224 3555 1372 3629 delirius
1389 3555 1443 3626 di·

257 3666 260 3673 ’
348 3672 444 3733 etum
472 3669 539 3732 est.
594 3657 702 3757 (Tou
725 3661 799 3729 und
821 3657 1179 3756 iiderplaatustr‘aelr)3
1219 3656 1315 3729 haud
1338 3682 1443 3729 secus
1503 3661 1508 3672 '

348 3787 389 3833 ae
403 3764 436 3831 si
460 3761 590 3833 artium
612 3761 768 3854 imperiti
789 3758 952 3832 homines
969 3759 1097 3832 artifici
1112 3758 1250 3856 aliquid
1269 3760 1443 3856 praeseri·

347 3860 457 3950 bunt,
487 3860 584 3959 quod
604 3859 727 3958 perlici
750 3863 912 3957 cupiunt.
946 3863 1007 3931 An
1032 3860 1205 3950 dicemus,
1235 3875 1341 3956 opera
1368 3869 1442 3930 tam

347 3960 494 4033 subtilia
520 3972 556 4033 et
580 3987 717 4033 summa
744 3973 818 4032 arte
845 3960 1024 4034 elaborata
1046 3963 1114 4032 iam
1142 3963 1180 4031 iu
1206 3989 1275 4034 usu
1303 3960 1444 4031 fuisse?

448 4059 543 4132 222·
600 4064 617 4137 ὁ
646 4064 677 4137 d'
707 4064 788 4140 diota
810 4064 907 4159 νόημ’
934 4071 1092 4164 ἐποτᾶτο]
1120 4061 1196 4133 Pal.
1221 4071 1354 4148 ἐπτᾶτο,
1379 4060 1443 4132 alii

347 4174 480 4238 ἔπτατο.
534 4162 636 4235 Unde
659 4164 784 4237 Herm.
816 4164 862 4236 ed
888 4163 1005 4261 Orph.
1033 4192 1072 4261 p.
1087 4160 1168 4234 091
1199 4165 1323 4238 elicuit
1356 4165 1375 4238 ὁ
1406 4165 1438 4235 δ’

346 4276 468 4338 ἔπτατο
494 4263 578 4337 ὥστε
602 4270 712 4359 νόημα
737 4292 818 4338 aum
843 4264 964 4356 hiatu,
994 4265 1058 4337 sed
1087 4276 1128 4337 ut
1152 4291 1334 4338 caesuram
1368 4275 1440 4337 tro·

346 4364 504 4437 ehaieam
539 4365 577 4434 iu
618 4378 746 4463 quarto
781 4367 860 4439 lneu
896 4366 1056 4439 liaberet.
1134 4366 1241 4438 Tales
1283 4367 1441 4438 rationes

346 4461 451 4539 uobis
473 4489 619 4562 perraro
640 4465 845 4563 probabiles
870 4468 1059 4559 videntur,
1095 4466 1163 4541 el'r.
1190 4462 1283 4540 118.
