3044 5264
214 379 294 454 ror
595 388 634 458 a.
660 385 705 460 a.
733 383 920 462 woman
960 456 971 479 ,

213 586 388 760 Hercralee
429 586 562 662 traiieit
601 583 777 688 clipeum,
836 586 906 661 nisi
944 586 1066 661 Guiati
1105 585 1302 661 remedium

211 714 298 801 prae
316 714 407 762 eres.

312 804 547 892 566.,ἔνθα
579 817 637 911 κε]
687 805 865 881 vertunt:
920 805 1194 881 tbi—fait.
1257 811 1307 882 At
1385 836 1392 853 ·

212 907 301 983 adeo
321 910 433 983 invito
452 934 520 981 usu
542 908 695 1003 Graeco,
722 940 774 996 κε,
802 919 844 981 ut
860 934 1059 1006 speramns,
1087 935 1159 981 nou
1186 913 1306 1006 potuit

212 1036 344 1109 ponere
369 1036 435 1107 pro
461 1008 617 1108 simplici
641 1008 817 1123 expletiva
844 1008 1018 1109 particula
1049 1009 1117 1082 cir.
1135 1007 1230 1085 556.

312 1124 405 1201 571.
423 1208 439 1218 ¹,
457 1129 557 1229 acta]
577 1126 709 1201 *baec
736 1126 816 1202 rox-
830 1129 974 1222 semel,
1008 1154 1081 1202 nou
1107 1126 1164 1202 bis
1188 1132 1304 1228 posita

212 1229 362 1304 oll'enrlit
387 1228 619 1330 glossatorem
647 1229 737 1302 Bav.
760 1276 782 1320 4
808 1218 842 1301 ‚.'

313 1344 409 1420 575.
463 1351 523 1421 An
552 1345 659 1421 bodie
694 1373 838 1448 quoque
883 1347 1009 1448 probet
1049 1349 1305 1424 correctionem

213 1475 332 1544 suam,
375 1475 420 1522 ex
444 1449 567 1523 eadem
599 1474 723 1524 caussa
747 1447 912 1543 ducum,
951 1448 1047 1524 unde
1072 1450 1134 1524 illa
1159 1463 1215 1526 est
1247 1478 1303 1525 va.

212 1546 314 1643 222,
352 1551 602 1645 Hermannns,
638 1548 778 1625 dubito.

312 1664 405 1741 501.
456 1672 565 1760 Ἑλίκη
590 1666 837 1743 Thessalicum
863 1667 1033 1768 oppidum
1054 1667 1183 1746 Strabo
1193 1671 1303 1768 Vlll,

213 1798 249 1869 p.
270 1764 365 1842 590.
395 1771 443 1864 C,
477 1771 670 1871 quodiam
695 1768 928 1845 Casaubonns
952 1771 1101 1845 notavit.

313 1884 408 1963 586.
460 1894 602 1988 χαλεπὸς
622 1893 840 1991 προϊδέσθαι]
865 1888 1040 1990 quisita?
1065 1901 1102 1962 et
1121 1889 1209 1990 qniel
1228 1892 1305 1964 est?

312 2004 409 2081 590.
463 2018 586 2110 torna]
618 2011 845 2106 importunus
875 2009 1141 2082 consarcinator
1172 2009 1210 2081 in
1243 2008 1304 2082 tali

211 2108 291 2183 loco
315 2109 374 2182 rel
399 2135 470 2184 una
502 2108 568 2182 bac
595 2109 709 2182 lorma
735 2107 842 2181 facile
867 2109 1070 2206 seprodit,
1109 2138 1202 2210 quae
1228 2139 1305 2184 mu·

213 2221 309 2283 tuate
336 2235 382 2283 ex
413 2212 627 2284 narrationis
659 2220 783 2284 tenore
815 2209 875 2283 hic
900 2208 992 2283 male
1018 2215 1187 2285 convenit
1210 2215 1306 2286 inter

213 2323 367 2411 quatuor
391 2313 604 2409 praesentia.

316 2423 409 2500 595.
465 2430 560 2504 llice
594 2454 660 2528 per
696 2457 823 2505 novem
864 2454 989 2507 versos
1032 2431 1306 2529 interrumpitur

84 2615 92 2632 ι
213 2530 312 2605 fitam
339 2530 503 2606 finitione
529 2535 720 2629 temporis,
761 2559 834 2632 quo
864 2530 1032 2604 acciderit
1060 2559 1180 2631 pugna
1203 2560 1304 2631 prae·

211 2645 265 2707 ter
290 2636 606 2730 exspectationem.
661 2634 703 2706 ln
729 2635 877 2708 meliore
899 2644 1001 2732 pocta
1033 2633 1071 2705 it
1096 2646 1137 2705 ut
1171 2634 1305 2708 emble·

211 2761 267 2807 ma
297 2736 491 2810 insiticium
515 2760 713 2809 amoveres.
776 2737 847 2809 llic
874 2761 958 2809 vera
979 2732 1113 2826 soluit,
1144 2737 1303 2834 opinor,
1384 2753 1390 2764 ·

210 2839 402 2910 interiectis
428 2836 487 2931 bis
511 2862 586 2911 rsa.
613 2836 733 2912 taedio
758 2864 970 2932 occurrere,
1007 2834 1106 2935 quod
1127 2846 1181 2912 tot
1205 2839 1304 2912 simi·

209 2937 381 3012 litudines
406 2940 537 3013 ail'erre
561 2941 756 3037 potuerint.

312 3053 406 3128 596.
458 3063 659 3158 πανημέριός
689 3091 725 3133 aa
750 3069 808 3135 καὶ
832 3059 935 3158 ι’·ῷος]
967 3055 1105 3152 ὕστερον
1133 3055 1305 3158 πρότερον,

210 3159 270 3253 οὐχ
294 3159 474 3254 ὁμηρικῶς,
510 3183 577 3255 pro
602 3185 725 3231 mane
751 3170 788 3232 et
811 3184 891 3256 pcr
915 3155 1137 3258 reliquum
1172 3156 1303 3232 aliem.

211 3258 290 3330 lioc
316 3260 411 3329 enim
437 3261 489 3331 sic
519 3258 630 3350 dixit,
666 3271 708 3332 nt
731 3261 820 3354 iste,
858 3260 922 3359 qui
952 3257 997 3332 de
1024 3261 1192 3333 universo
1217 3258 1306 3333 orbe

210 3370 247 3433 et
272 3357 608 3433 circumiacentibus
630 3362 732 3433 vicis.

308 3472 401 3550 597.
457 3475 606 3575 lneptus
645 3505 791 3569 versus,
862 3481 925 3578 qui
974 3477 1192 3553 omittendas
1232 3487 1300 3550 eat.

209 3575 302 3651 Nam
329 3603 440 3678 quum
468 3581 631 3651 versibus
657 3578 838 3678 prioribus
862 3606 1022 3653 summae
1046 3581 1188 3654 aestatis
1214 3590 1303 3651 tem·

209 3705 295 3779 pora
329 3678 531 3756 describere
565 3683 757 3775 voluisset,
804 3707 901 3756 nnnc
941 3707 1015 3755 non
1046 3679 1177 3754 licebat
1206 3680 1303 3753 nuda

208 3784 322 3880 ipsam
348 3794 516 3857 aestatem
542 3781 709 3890 atliicere.
1103 3775 1108 3785 ’

309 3907 403 3984 590.
455 3907 543 4009 ἦμος
570 3915 640 4013 δὴ]
666 3909 715 3983 el.
746 3918 862 4004 τῆμος.
913 3911 1042 3984 flelnr·
1070 3903 1156 4005 ἦμος
1180 3917 1216 3984 δὲ
1241 3936 1304 3981 ne·

208 4012 283 4084 scio
316 4011 425 4087 unde.
484 4022 599 4108 Τῆμος
626 4025 723 4087 certe
756 4013 885 4084 lialsum
911 4023 989 4106 0⁸13
1034 4038 1116 4083 nam
1144 4037 1199 4081 us.
1224 4006 1306 4080 590

207 4154 259 4168 --
284 4109 373 4184 400
405 4111 552 4186 uberior
585 4125 640 4187 est
671 4113 861 4213 explicatio
895 4125 1098 4212 protasaos,
1137 4111 1304 4210 apoclosis

209 4223 333 4306 atatem⁴
352 4240 388 4283 v.
410 4208 491 4285 401
519 4213 693 4287 redditor.

168 4378 175 4389 ·
309 4335 411 4412 100.
465 4340 560 4414 Male
605 4342 678 4417 buc
719 4347 897 4417 intrusum
948 4370 1089 4417 versum
1132 4345 1304 4440 putabant

208 4447 350 4543 plures,
389 4443 526 4539 primus
552 4443 791 4520 Eiebbornius
820 4449 858 4518 in
888 4448 976 4520 diss.
1005 4445 1050 4518 de
1078 4470 1116 4527 re
1143 4471 1302 4516 numma-
