3044 5264
208 411 292 489 aaa
480 417 757 532 meantem
790 418 1012 496 comens,

208 629 382 694 νόεινωποί
390 641 399 660 ⁰
434 618 656 712 δειματώὃεις,
688 627 851 718 φοβεροί·
898 619 928 690 f.
957 645 1001 691 ex
1025 617 1093 691 hoc
1119 618 1198 692 loeo
1224 647 1286 691 ex·

207 722 341 820 plicant
376 717 597 816 Hesychius,
632 719 670 808 l,
706 744 744 814 p.
768 716 862 789 906.
913 720 1016 793 Suid.
1041 720 1080 811 l,
1118 748 1155 818 p.
1180 720 1282 794 1251

207 820 344 894 Bernh.
367 864 418 879 —-
469 819 601 892 Contra
627 828 770 896 διινωτοὶ
792 832 827 893 et
849 828 1013 907 δηναιαὶ,
1040 848 1131 918 quae
1150 822 1286 897 formae

208 923 398 1013 differunt,
448 933 489 992 ut
518 922 648 995 κυάνεοι
673 932 709 992 et
737 924 886 1007 κυάνεαι,
924 924 1146 994 Homericam
1180 924 1287 995 nobis

67 1022 74 1028 ’
206 1050 350 1115 vocem,
388 1021 427 1093 h.
451 1023 478 1091 l.
508 1034 624 1092 tamen
649 1022 793 1094 minime
819 1034 958 1120 aptam,
985 1027 1179 1119 praebent,
1213 1026 1283 1096 csr.

209 1127 325 1223 lleyn.
355 1123 399 1196 ad
424 1123 468 1193 ll.
497 1123 543 1192 T.
566 1123 637 1213 Vl,
665 1148 702 1216 p.
726 1119 807 1193 446
853 1135 888 1196 et
912 1124 1069 1221 Hesych.
1097 1152 1130 1196 s.
1157 1153 1194 1195 v.
1223 1136 1286 1200 διν·

207 1230 324 1318 νωτήν.
347 1271 398 1283 -
446 1234 605 1321 βλοσυραί
630 1224 680 1320 τε]
706 1234 885 1322 βλοσονροέ
910 1259 944 1300 τε
970 1224 1091 1298 CGV.
1144 1237 1288 1318 βλοσσο·

208 1342 299 1426 polae
322 1359 356 1400 τε
382 1325 509 1398 llllm.
532 1367 584 1379 -·-
641 1333 795 1422 δαφοινοὶ
818 1331 869 1419 τε]
903 1335 1051 1426 δαφοινοὶ
1072 1360 1105 1402 τε
1132 1330 1173 1399 C.
1229 1337 1289 1402 da·

209 1460 358 1529 φοινοιοι
379 1427 431 1498 Μ.
485 1434 676 1526 ὃαφοινοὶαι
700 1459 733 1498 τε
755 1426 810 1496 lF
819 1454 868 1496 m.
922 1428 1034 1498 Cuius
1055 1431 1152 1499 vocis
1176 1456 1287 1526 quum

209 1528 342 1624 duplex
366 1530 412 1598 sit
437 1529 554 1617 notio,
594 1527 739 1598 alteram
765 1529 802 1596 in
828 1550 883 1597 vs‘.
906 1523 981 1596 159
1013 1526 1164 1626 legimus
1202 1541 1287 1603 ιδα-

209 1632 344 1729 φοινεόν
378 1631 518 1724 alliun«
557 1626 600 1698 de
635 1638 752 1717 veste,
788 1627 931 1699 alteram
957 1626 1025 1700 hoc
1061 1631 1098 1698 in
1125 1628 1203 1702 loco
1230 1656 1288 1701 re·

208 1732 385 1829 perimus,
423 1741 462 1800 ut
487 1728 599 1799 schol.
624 1730 723 1798 Mon.
752 1731 820 1816 ιὼς
844 1733 929 1802 πάνυ
954 1741 1010 1803 τοῦ
1039 1732 1145 1827 φόνου
1169 1741 1289 1805 ἐπιθυ.

207 1842 355 1926 μοῦσαι
378 1840 413 1901 cl
438 1831 456 1900 f
477 1855 577 1925 supr·
605 1856 642 1924 p.
661 1824 712 1896 57
755 1838 844 1904 »τῶν
876 1832 962 1922 ἄγαν
993 1840 1168 1929 poemia«
1213 1832 1282 1902 cse.

209 1930 364 2030 Hesych·
400 1931 437 2022 l,
478 1957 515 2027 p·
534 1926 616 1999 805
651 1937 853 2028 »lacoon
889 1941 964 2004 λίαν
1005 1939 1165 2030 cotenon«
1227 1933 1287 2003 Ex

208 2035 364 2103 Homero
390 2033 584 2128 comparari
607 2041 723 2127 potest
750 2030 793 2100 ll.
816 2031 892 2120 xl,
912 2027 1008 2100 474.
1036 2075 1088 2088 -
1146 2036 1288 2120 ἄπλητον

207 2131 259 2233 τε]
297 2134 457 2218 ἄπληστοι
487 2165 522 2205 τε
554 2132 628 2200 Ba
656 2158 711 2224 pe.
740 2158 788 2199 m.
822 2131 877 2221 D,
916 2157 990 2227 mg.
1023 2133 1067 2202 ll.
1101 2132 1186 2205 Ald.
1226 2133 1284 2203 lu.

208 2230 247 2302 1.
267 2229 309 2300 2.
363 2235 504 2305 ἄπλατοι
530 2232 637 2301 Voss.
664 2231 821 2329 Randyl.
859 2258 896 2327 p.
913 2227 989 2322 80,
1029 2244 1069 2304 ut
1101 2261 1155 2305 vs.
1184 2231 1283 2304 250.

209 2333 253 2403 ln
278 2330 390 2403 schol.
406 2333 506 2404 Mon.
537 2334 719 2419 ιὸπλητοι·
746 2339 1034 2429 ἀπροςπέλαστο·«
1084 2335 1127 2404 ln
1154 2335 1175 2405 f
1206 2336 1286 2420 ναῖς

209 2440 250 2508 οὐ
290 2435 428 2507 δύναταί
471 2467 521 2520 τις
565 2433 776 2521 πλησιάσαιι
851 2434 1024 2529 Equidem
1072 2438 1284 2531 putaverim,

208 2546 347 2633 poetam
371 2533 411 2605 h.
440 2533 466 2604 Ι.
512 2533 583 2604 duo
617 2536 713 2629 paria
755 2532 1006 2605 adiectIvorum
1044 2537 1193 2634 iungere
1224 2561 1287 2606 vo·

207 2637 338 2728 luisse,
378 2646 420 2705 ut
442 2634 657 2732 significaret
687 2636 839 2729 primum
866 2646 1005 2705 torvum
1032 2636 1175 2708 dearum
1208 2635 1287 2706 vul·

207 2751 303 2826 tum,
346 2735 529 2834 (δεινωπός,
553 2736 745 2832 βλοσυρός),
772 2734 898 2806 deinde
925 2762 1007 2807 vero
1033 2737 1286 2833 inexplebilem

207 2838 435 2936 cupiditatem
461 2839 559 2908 necis
584 2835 795 2932 patrandae,
830 2837 1028 2935 ιὸαφοινός,
1055 2841 1221 2927 ἁπλητόςι
1251 2848 1288 2908 et

207 2951 392 3038 propterca
419 2965 498 3010 cum
521 2935 724 3008 llluetzellio
752 2938 863 3026 facio,
908 2937 952 3008 de
975 2938 1115 3009 emend.
1143 2939 1284 3034 Theog.

208 3067 246 3137 p.
267 3036 322 3108 54
343 3065 444 3135 seqq.
483 3041 546 3136 qui
572 3038 663 3108 hanc
686 3040 790 3107 liuius
818 3039 950 3108 formae
978 3041 1157 3110 notionem
1184 3065 1286 3110 accu-

208 3150 283 3210 rate
311 3141 487 3209 enarravit
496 3167 507 3231 5
545 3165 757 3236 quamquam
784 3138 843 3208 ille
869 3164 905 3233 p.
922 3134 973 3207 56
998 3153 1119 3210 nostro
1144 3143 1181 3210 in
1200 3140 1287 3210 -loco

209 3264 330 3309 vocem
357 3237 459 3308 aliter
485 3239 637 3334 explieat
671 3264 818 3334 eamque
856 3264 933 3308 cum
966 3239 1146 3334 vocabulis
1180 3240 1287 3336 plane

210 3339 359 3410 diversis
385 3341 606 3411 coniunctam
630 3341 691 3410 ait.
747 3339 847 3430 Quae
876 3340 966 3410 ratio
988 3367 1063 3411 mea
1087 3344 1118 3410 si
1144 3341 1287 3436 probari

210 3466 283 3512 non
309 3451 449 3534 posset,
487 3443 589 3510 etiam
614 3443 652 3509 in
678 3464 763 3511 voce
786 3441 944 3539 δαφοινὸς
966 3440 1173 3536 explicanda
1199 3444 1286 3511 alte·

209 3567 284 3612 ram
315 3539 410 3610 illam
444 3542 614 3610 rationem
651 3540 799 3629 inirem,
835 3552 874 3611 ut
906 3553 1072 3637 quattuor
1106 3543 1192 3612 haee
1225 3541 1297 3627 ad·,

210 3643 335 3713 iectivo
372 3644 491 3711 iuncta
528 3639 617 3709 nihil
661 3641 730 3709 nisi
779 3639 1043 3713 formidolosum
1083 3642 1287 3738 adspectum

150 3818 155 3825 ,
210 3742 354 3812 dearum
381 3751 556 3811 notarent.
611 3736 682 3810 Sed
703 3741 801 3835 prior
824 3744 912 3812 ratio
945 3742 1210 3814 commendatur
1230 3769 1283 3812 vs.

209 3838 283 3916 251
320 3852 447 3916 ’πᾶσαν
468 3851 502 3914 δὲ
525 3846 610 3914 ἵεντο
637 3840 719 3931 αἷμα
742 3852 843 3933 μέλαν
866 3853 998 3917 reticem«
1020 3887 1068 3897 —
1120 3843 1286 3914 Celerum

208 3954 304 4012 totus
330 3941 389 4012 hic
414 3967 538 4013 versus
563 3940 607 4011 ab
630 3939 743 4010 schol.
763 3940 863 4011 salio
884 3941 962 4013 loco
979 3942 1186 4040 explicatur.
1215 3943 1284 4015 cst.

208 4066 307 4137 supe.
333 4069 369 4138 p.
391 4038 457 4111 57.

258 4170 262 4176 ’
308 4138 400 4212 251.
454 4146 541 4237 ἕχον]
567 4148 645 4235 ἔχων
670 4141 719 4227 C,
767 4151 808 4210 ut
832 4168 886 4211 vs.
907 4139 1072 4214 247.-
1128 4155 1202 4238 περὶ
1235 4176 1288 4218 πι·

209 4244 371 4339 πιόντων]
396 4248 650 4338 περιπιπτόντων
669 4241 780 4310 ACli
806 4242 928 4313 Teinc·
981 4243 1152 4329 πιπτόντες
1173 4244 1219 4312 l).
1236 4289 1287 4307 --

210 4341 241 4411 δ’
271 4342 325 4434 ἄρ’
353 4344 455 4437 ἵεντο]
482 4352 541 4415 ,δὲ
564 4346 649 4418 ἵεντο
669 4339 857 4411 ΤΙιῑενοοΙι.
877 4342 941 4413 Gr.
959 4342 1017 4413 ed.
1036 4369 1108 4414 sec.
1131 4339 1288 4439 peel.

209 4440 337 4512 lleinr.
368 4438 441 4540 (od.
470 4453 549 4513 tert.
574 4467 612 4538 p.
632 4437 739 4541 258).
802 4442 897 4514 llaec
927 4443 1128 4515 coniectum
1161 4447 1289 4541 proba·
