3044 5264
348 408 629 486 APPARATUS
664 408 888 485 calmetis.
1093 400 1167 474 177

80 613 236 714 pendet3
270 612 384 692 voluit
409 615 503 685 enim
535 623 635 709 poeta
670 612 760 683 nibil
786 613 856 684 nisi
894 609 1041 685 formam
1079 614 1169 686 scuti
1207 655 1210 661 ·

81 721 161 790 visu
188 714 385 789 mirabilem
417 710 616 787 accuratius
639 713 853 787 describere.
909 713 1002 784 Hinc
1029 712 1169 785 eusdem

81 845 187 893 uoces
209 816 267 888 vel
291 818 433 913 saepius
458 815 669 906 inculcavit,
705 827 745 888 ut
765 813 865 887 Μ.

182 915 278 990 142.
331 915 544 1018 ὑπολαμπὲς]
581 920 765 1014 uastauere
793 919 839 991 G.
893 921 953 993 ὖπὲ
987 919 1170 1014 λαμπὲςΟ

82 1051 102 1097 a
138 1050 194 1121 pr.
227 1049 277 1092 m.
329 1023 535 1116 ὑπερλαμπές
556 1019 680 1092 ebs.
734 1023 938 1116 ὑπεκλαμπὲς
962 1020 1012 1091 V.
1076 1022 1171 1093 llaec

83 1153 155 1197 vox
182 1150 299 1221 neque
326 1123 363 1192 in
388 1123 542 1194 Homero
569 1124 767 1219 reperitur,
814 1149 928 1220 neque
954 1121 1049 1220 apud
1083 1122 1171 1195 elios

84 1228 275 1323 scriptores
311 1223 481 1321 frequens
517 1237 583 1296 ast.
655 1225 777 1295 illinus
803 1227 898 1296 recte
933 1226 1002 1294 iam
1036 1231 1172 1297 veteres

85 1328 294 1400 scholiastae
324 1327 372 1396 itu
400 1327 621 1424 loquuntur,
660 1338 700 1396 ut
729 1328 919 1420 ὑπολαμπὲς
946 1332 1002 1415 ἔην
1030 1337 1066 1398 et
1090 1338 1174 1421 λαμ-

84 1432 244 1524 πόμενον,
288 1451 379 1524 quae
405 1429 568 1523 repetitio
600 1453 654 1497 vs.
679 1423 725 1497 7l
755 1440 790 1499 et
815 1425 866 1503 72
904 1430 942 1498 in
969 1429 1173 1500 memoriam

85 1540 244 1618 revocat,
274 1527 374 1627 nullo
401 1528 605 1601 discrimine
632 1529 723 1618 dici,
751 1529 944 1602 credidisse
971 1530 1171 1602 videantur.

85 1631 160 1704 Sed
195 1657 346 1702 aurum
385 1657 496 1729 quum
531 1633 570 1702 in
607 1640 678 1702 tota
705 1630 942 1726 descriptione
968 1634 1174 1727 saepissime

85 1743 400 1822 commemoretur,
447 1741 578 1820 τέτανος
612 1743 756 1823 contra,
802 1735 957 1830 ἤλεκτρος
990 1743 1026 1804 et
1057 1743 1176 1831 ἐλέφας

86 1861 303 1933 numquam,
340 1844 443 1929 poeta
469 1837 536 1905 iam
565 1834 602 1904 b.
627 1833 654 1908 l.
684 1833 920 1933 significavit,
956 1836 1034 1905 auri
1056 1833 1175 1933 splen-

86 1937 208 2009 dorem
235 1960 319 2031 prae
342 1934 491 2033 reliquis
517 1937 684 2006 omnibus
709 1938 878 2006 eximium
906 1936 1032 2007 fuisse.

190 2034 282 2108 145.
333 2040 470 2136 κυάνου]
503 2045 626 2111 κυανοῦ
654 2038 682 2106 Β
709 2037 832 2109 Trina.
870 2036 996 2133 Stepb.
1027 2063 1100 2135 mg.
1128 2082 1178 2102 -.-

91 2150 125 2214 δὲ
138 2137 237 2211 abest
262 2164 281 2208 a
307 2138 445 2209 CS.-
495 2141 550 2211 διὰ
576 2140 709 2238 πτύχες]
735 2138 788 2209 lta
815 2141 1029 2214 recentiores
1055 2164 1178 2211 omncs

91 2251 208 2332 recte,
243 2243 281 2310 iu
308 2237 409 2311 libris
429 2237 537 2310 MSS.
564 2251 600 2310 ct
623 2240 668 2310 ab
694 2240 957 2338 antiquioribus
984 2238 1179 2311 editoribus

91 2340 259 2414 scribitur
285 2342 457 2434 διαπτύχις
480 2344 510 2409 Α
536 2338 794 2413 Trinc.1u.2.
849 2344 1022 2436 διάπτυχες
1049 2340 1176 2438 Stepb.

92 2444 280 2537 διαπτιῖχιις
305 2441 501 2512 DGliSV
530 2442 618 2513 Altl.
639 2443 696 2512 lu.
717 2438 755 2513 l.
784 2440 905 2513 Bas.l
936 2446 986 2538 (in
1015 2442 1061 2514 G.
1094 2441 1177 2512 edd.

92 2547 278 2640 interpret.
319 2543 547 2639 διπλώματα).
608 2545 802 2638 διαπτύχεσς
829 2545 869 2612 Β.
925 2550 1102 2638 tumetipse
1133 2544 1177 2614 C.

93 2645 197 2717 Nihil
222 2644 335 2716 bonne
357 2647 473 2743 l'rugis
499 2672 544 2716 ex
569 2643 624 2717 bis
641 2643 852 2740 corruptelis
871 2644 1030 2742 exsculpi
1048 2655 1178 2740 potest.

96 2748 273 2823 ‚Versum
310 2745 406 2820 barud
442 2745 746 2844 dubielspurium
781 2745 868 2817 dicit
892 2746 1012 2844 lleyn.
1041 2744 1178 2816 Obsvr.

95 2847 141 2919 erl
164 2847 267 2918 lliad.
287 2847 436 2935 XVlll,
459 2844 535 2918 still
564 2859 710 2944 propter
735 2874 838 2919 usum
863 2873 940 2918 voc.
970 2847 1087 2940 πτύχες
1110 2873 1180 2916 non

96 2950 348 3020 Homericum·
377 2949 505 3019 lleinr.
530 2951 567 3018 in
595 2976 669 3044 mg.
689 2994 744 3021 -,
791 2950 867 3019 llou
893 2949 990 3019 cuim
1003 2947 1183 3019 Hesiodea

95 3054 146 3122 in·
166 3049 244 3121 loco
277 3052 349 3140 ait,
397 3052 521 3146 πτύχας
552 3049 595 3121 de
622 3050 742 3121 fasciis
767 3076 830 3120 seu
860 3050 981 3140 zonis,
1023 3050 1184 3146 inques

95 3151 302 3248 superficies
342 3150 446 3249 clipei
483 3151 594 3223 divisa
625 3151 733 3223 fuerit
759 3178 831 3221 non
853 3177 957 3247 posse
984 3177 1055 3223 uon
1080 3149 1181 3222 intel·

97 3256 183 3351 ligi,
220 3255 305 3350 quia
338 3252 382 3323 (le
415 3279 551 3324 summa
577 3265 703 3352 agetur
729 3251 937 3349 superficiei
989 3252 1084 3351 opud
1111 3252 1185 3324 Ho-

98 3380 235 3426 merum
274 3380 358 3430 vero
393 3380 470 3425 esse
507 3354 657 3428 laminas
693 3354 839 3426 alteram
879 3352 982 3426 alteri
1012 3355 1186 3450 superim-

98 3457 245 3553 positas.
314 3455 422 3549 Quod
447 3467 488 3527 ut
512 3457 707 3547 concedas,
747 3467 866 3527 tamen
899 3454 992 3525 nibil
1024 3455 1107 3525 iude
1133 3479 1185 3525 se·

99 3559 242 3654 quitur,
296 3559 365 3627 nisi
408 3561 638 3630 recentiorem
679 3583 756 3630 essc
782 3557 940 3629 Homero
975 3567 1113 3651 poetam
1153 3567 1189 3626 et

98 3657 220 3754 paullo
245 3657 370 3750 aliter,
400 3686 505 3756 quam
531 3657 646 3749 illum,
674 3684 759 3731 voce
782 3685 886 3730 usum
907 3682 998 3729 csse.
1053 3657 1187 3730 Deessc

98 3785 224 3828 versus
252 3786 322 3830 non
351 3773 485 3854 potest,
511 3764 613 3832 cuius
638 3786 754 3831 verarn
777 3759 1103 3855 interpretationem
1127 3783 1187 3853 pc·

100 3871 155 3929 tas
168 3857 211 3938 ab
226 3859 273 3930 0.
287 3861 439 3932 Miillcro
460 3860 654 3933 Arclroeol.
669 3861 706 3930 V
704 3862 894 3932 iucboutioo
909 3859 1062 3933 duelles.
1073 3860 1188 3930 Her-a-

100 3959 384 4051 bles-Sabidius,
412 3962 539 4038 lirum.
556 3962 602 4033 Z.
619 3963 650 4067 s.
667 3960 846 4053 Attente„
872 3955 1186 4056 a.18.'rt‚p.88‘.t.

102 4059 216 4132 Aliter
238 4062 476 4151 Wclcberus,
524 4064 570 4136 Z.
592 4063 624 4162 s.
650 4063 722 4136 ulte
747 4065 885 4150 licoat,
926 4089 963 4156 p.
983 4056 1060 4138 555
1084 4088 1187 4168 seqq.

203 4158 299 4232 illd.
353 4173 386 4239 ἐν
410 4174 537 4264 μέσσῳ]
563 4175 596 4238 ἓν
621 4176 708 4264 μέσῳ
735 4161 973 4236 BGlliSV.

203 4272 238 4341 <tt
263 4265 460 4365 δράκοντος]
491 4270 575 4338 baeu
601 4278 656 4337 cst
678 4277 878 4339 nostrorum
909 4264 1082 4343 librorum
1106 4265 1192 4336 scri·

102 4375 228 4462 ptura,
269 4378 365 4460 patet
395 4378 512 4438 tamen
543 4393 587 4439 ex
617 4365 782 4459 scholiis,
823 4368 1001 4439 exstitisse
1029 4367 1132 4438 alium
1159 4366 1190 4438 d'

103 4466 312 4560 ἀδάμαντος,
352 4468 401 4542 cf.
432 4469 555 4543 Herm.
581 4466 731 4570 Opuscc.
758 4467 785 4541 l.
811 4470 840 4541 l.
876 4492 914 4566 p.
935 4463 1050 4560 197„
1102 4491 1193 4564 quae

916 4587 966 4670 12
