3044 5264
493 431 562 509 nn
597 428 794 518 annana
830 431 1030 514 amaus.
1229 409 1343 508 ear

216 636 320 710 otiam
346 632 441 706 unde
467 632 637 708 translata
664 646 757 706 esset
783 634 923 709 docuit:
970 648 1006 708 ct
1038 634 1082 708 do
1112 640 1308 734 posteriorc

215 723 362 833 prorsus
398 735 522 808 codem
562 735 690 826 modo,
746 763 818 839 quo
855 735 996 809 sobrius
1035 739 1153 836 quivis
1197 741 1309 813 lector

214 837 322 909 hodic
358 836 470 927 solet,
534 837 717 909 iudicavit.
807 837 948 910 Deinde
986 865 1078 937 quae
1124 839 1168 913 de
1210 843 1309 914 Iolao

214 938 383 1014 Herculis
407 937 521 1011 sodali
532 938 748 1035 Apollonius
769 938 933 1017 Rhodius
950 939 1063 1032 dixit,
1101 941 1195 1013 idem
1222 970 1307 1016 con·

215 1031 373 1113 licerent.
458 1045 510 1112 Ac
543 1042 573 1112 si
600 1041 772 1115 Seleucus
819 1067 873 1111 vs.
899 1036 980 1111 tte
1011 1046 1136 1138 χαλκὸν
1167 1045 1204 1114 in
1227 1056 1306 1152 pat

214 1145 273 1227 κὸς
298 1139 504 1212 mutandum
534 1168 611 1214 esse
636 1143 839 1238 suspicatus
871 1153 943 1233 est,
986 1141 1053 1222 lunc
1089 1170 1226 1217 caussa·
1244 1147 1307 1218 ad·

214 1246 304 1315 iectu
324 1242 395 1343 ²²):
447 1245 492 1332 rii
518 1247 582 1341 γὰρ
617 1252 714 1336 ἀσπὶς
748 1245 806 1322 οὐκ
839 1252 1012 1341 ἐπεποίητο
1046 1249 1113 1331 ἀπὸ
1136 1255 1305 1342 χαλκοῦμ

214 1345 282 1417 cl'r.
319 1340 449 1440 psit),
499 1344 536 1414 id
580 1370 724 1443 qnoque
767 1343 947 1446 praeclare
992 1374 1073 1424 cum
1112 1372 1153 1426 ea
1191 1349 1307 1427 torma

186 1447 406 1539 Ιειπιηίηἱε,
460 1444 578 1543 qualis
613 1445 720 1520 hodie
752 1457 826 1536 cst,
877 1450 1057 1523 convenit.
1138 1449 1307 1550 Denique

213 1573 306 1645 quac
323 1547 511 1645 Longinus
538 1546 581 1618 de
607 1545 755 1624 sublim.
779 1557 869 1626 orat.
897 1548 973 1638 IX,
996 1545 1023 1616 li
1060 1549 1305 1647 reprehendit,

214 1649 335 1722 cedern
369 1674 466 1720 nunc
498 1674 642 1746 quoque
678 1673 749 1725 arou
775 1647 879 1725 aliter
905 1651 1036 1722 nostris
1063 1650 1235 1747 leguntur
1265 1654 1307 1733 in

215 1747 490 1844 exemplaribus.
548 1751 714 1839 Possem,
759 1751 789 1828 si
824 1752 1063 1830 necessarium
1100 1763 1216 1844 esset,
1261 1779 1307 1834 ex

213 1849 388 1923 aetatibus
420 1849 676 1947 posterioribus
708 1848 838 1926 similia
871 1850 982 1928 multa
1016 1849 1160 1932 addere.
1232 1850 1307 1933 Sed

213 1955 283 2026 ianr
328 1964 484 2043 constat,
554 1953 677 2029 miram
729 1951 822 2023 lranc
863 1953 1030 2032 carminis
1082 1978 1305 2050 compagem,

215 2055 356 2150 qualern
388 2053 568 2144 videmus,
617 2079 689 2123 non
719 2054 871 2151 segnitia
905 2065 967 2128 aut
1001 2052 1127 2126 fraude
1163 2053 1306 2137 infimae

213 2157 364 2245 aetatis,
409 2165 449 2227 ut
476 2155 593 2226 diocre
626 2156 766 2245 solent,
825 2153 1025 2244 coaluisse,
1079 2154 1143 2226 sed
1166 2157 1306 2236 Aristo·

213 2256 342 2349 phanis
379 2257 538 2353 Byzantii
572 2267 684 2334 aelate
711 2253 780 2333 sul)
805 2255 957 2336 Hesiodi
983 2257 1127 2339 nomine
1154 2256 1305 2337 circum

211 2355 318 2434 latam
345 2381 436 2430 csse.

316 2457 413 2527 Haeo
440 2457 484 2528 dc
509 2459 677 2528 carminis
704 2457 817 2533 forma
844 2458 1025 2535 universe.
1078 2459 1122 2532 ln
1151 2458 1306 2554 singulls

213 2581 299 2629 vero
331 2556 494 2627 versibus
525 2569 649 2627 nostro
684 2556 961 2628 emendatiorem
1004 2557 1116 2628 fuisse
1149 2557 1304 2628 Alexan·

215 2658 398 2734 drinorum
423 2669 580 2748 textum,
609 2669 740 2731 temere
761 2682 892 2754 negare
911 2658 992 2754 quis
1013 2654 1167 2735 audeat?
1218 2655 1306 2728 Sine

214 2758 294 2829 labe
326 2761 422 2832 enim
449 2757 570 2834 nullus
597 2762 743 2836 omnino
770 2759 986 2837 Graecorum
1019 2755 1112 2838 liber
1137 2758 1234 2861 turpi
1261 2782 1306 2837 ex

214 2858 377 2930 barbarie
405 2862 483 2930 nevi
511 2857 666 2950 indocti,
720 2857 816 2961 quod
842 2858 1104 2930 Alexandrinos
1130 2884 1305 2956 gramma·

215 2963 304 3037 ticos
330 2971 521 3058 sequutum
554 2971 627 3050 est,
681 2962 807 3036 evasit.
883 2962 934 3030 At
964 2961 995 3031 si
1026 2961 1107 3056 quis
1134 2985 1304 3057 magnum

215 3089 293 3136 esee
319 3073 422 3158 putat
444 3061 633 3136 discrimen
657 3060 824 3157 idemque
851 3062 883 3130 si
908 3059 987 3137 lteri
1014 3085 1087 3138 nun
1104 3084 1210 3156 posse
1227 3062 1303 3156 opi·

216 3176 342 3252 natur,
389 3175 429 3242 ut
454 3162 499 3236 ad
524 3164 674 3235 similem
702 3163 941 3260 integritatem
970 3173 1129 3237 nostrum
1167 3172 1303 3232 textum

214 3289 442 3340 revocemus:
478 3265 509 3337 is
534 3290 600 3336 neo
628 3289 682 3336 mc
706 3264 957 3334 assentientem
982 3287 1048 3336 nco
1070 3287 1301 3368 quemquam,

215 3377 256 3437 ut
285 3364 457 3455 arbitror,
518 3362 659 3441 habebit
694 3390 840 3452 eorum,
894 3365 957 3463 qui
990 3365 1118 3435 seriem
1154 3365 1303 3458 scripto·

214 3492 319 3555 rum,
368 3465 462 3563 apud
488 3491 580 3570 quos
601 3464 709 3537 huius
732 3466 899 3541 carminis
923 3466 1056 3536 mentio
1082 3465 1210 3540 iniecta
1233 3473 1301 3552 est,

215 3578 375 3640 accurate
394 3566 627 3663 contemplari
649 3577 685 3638 ct
704 3564 926 3663 perpendere
946 3566 1138 3645 voluerint.
1184 3565 1302 3635 Unum

217 3693 261 3739 ex
287 3667 446 3758 mendis,
497 3667 593 3772 quod
620 3679 760 3740 nostros
796 3665 907 3747 libros
942 3668 1149 3763 occupavit,
1193 3664 1303 3762 idque

215 3767 273 3839 vel
304 3769 568 3860 foedissimum,
613 3767 790 3844 Eustatlrii
816 3778 929 3846 aetate
961 3769 1129 3840 carminis
1157 3792 1302 3839 cursum

216 3868 366 3941 fortasse
401 3869 559 3942 nondum
598 3868 775 3942 turbabat.
865 3871 902 3940 ls
936 3871 1032 3943 cuim
1072 3867 1136 3938 ubi
1172 3866 1215 3938 de
1254 3865 1299 3937 ΙΙ.

214 3971 366 4060 XVlll,
393 3967 473 4040 555
498 3996 600 4069 seqq.
640 3969 804 4061 disserit,
853 3995 943 4068 quos
972 3969 1063 4047 male
1090 3971 1128 4044 in
1153 3966 1301 4042 Scotum

215 4071 403 4143 translatos
441 4098 518 4142 esse
557 4070 731 4161 vidimus,
789 4096 861 4143 non
899 4070 1101 4161 cosdem,
1163 4080 1204 4140 ut
1238 4093 1303 4165 par

216 4186 311 4266 erat,
345 4172 411 4270 sed
437 4171 611 4250 similes
638 4171 722 4246 deos
755 4170 800 4250 ab
827 4170 985 4247 Hesiodo
1016 4171 1183 4271 usurpari
1217 4195 1301 4244 coo-

223 4367 384 4375 -..-..-.-.-....

283 4445 328 4510 Ὦ)
364 4443 480 4499 Seleuci
509 4443 639 4512 suspicio
664 4442 736 4500 uude
760 4440 895 4508 nutarit,
932 4439 1110 4508 intelligitur
1132 4456 1170 4498 ex
1196 4436 1301 4496 tehotl.

216 4511 676 4581 venn.runom.1r.1n,ara.
711 4511 785 4581 vlt,
803 4513 864 4570 259.
898 4511 1061 4579 atton.
1209 4528 1213 4535 ¹

1044 4601 1099 4676 22
