3044 5264
507 412 785 490 PRAEFATIO.
876 464 879 469 -
1154 408 1190 485 V

105 616 232 708 talem,
269 642 381 718 quac,
408 624 582 717 quantum
606 616 791 717 intelligo,
817 642 924 717 quarn
948 612 1053 714 plane
1080 611 1189 688 Wol-

104 742 238 819 fiannm
270 747 457 845 ingenium
491 770 576 843 prae
612 771 650 819 se
686 745 796 839 serat,
851 743 1030 821 iudicibus
1061 743 1189 816 harum

103 896 225 944 rerum
248 873 374 969 peritis
398 875 476 972 ipsa
499 872 682 946 reclusura
708 875 768 946 sit.

205 1005 312 1073 Anno
338 1002 613 1075 mccccxvn
657 1001 717 1074 Fr.
752 1003 801 1073 Α.
836 1000 999 1074 Wollius
1038 1000 1187 1074 Scotum

102 1127 271 1202 Herculis
295 1128 400 1204 edere
435 1131 594 1229 suscepit
609 1128 658 1231 *).
744 1129 944 1229 Descripsit
977 1131 1089 1230 igitur
1122 1131 1197 1202 sun'

102 1281 213 1327 manu
257 1260 424 1333 carminis
463 1269 622 1351 textum,
680 1269 717 1332 et
747 1257 1070 1332 animadversiones
1115 1255 1187 1329 eln-

101 1382 263 1479 boravit,
292 1410 465 1487 quarum
492 1389 591 1486 prior
615 1413 717 1487 pars,
754 1388 825 1460 nisi
848 1386 975 1479 fallor,
1006 1397 1078 1459 tam
1105 1410 1185 1482 per·

100 1511 194 1585 fecta
219 1524 293 1607 est,
330 1527 372 1589 ut
396 1517 473 1613 ipse
497 1517 624 1608 etiam,
666 1514 699 1587 si
723 1540 800 1588 eam
825 1513 1039 1615 vulgandam
1064 1539 1217 1587 curas·

99 1647 174 1728 set,
229 1638 325 1711 haud
350 1639 461 1712 multa
483 1641 615 1714 *fuisset
650 1652 870 1735 mutaturus,
918 1639 1057 1738 reliquo
1081 1665 1182 1732 vero,

101 1790 176 1862 quo
202 1780 380 1840 momento
414 1771 585 1866 temporis
620 1771 732 1841 inter.
749 1767 939 1867 legendum
964 1779 1040 1840 orta
1067 1778 1181 1860 erant,

99 1893 138 1962 in
164 1892 322 1967 clarum
348 1920 391 1968 eo
416 1895 566 1968 consilio
584 1897 744 1968 coniecta
763 1905 869 2004 sunt,
903 1904 944 1966 ut
968 1894 1103 1991 pluries
1122 1892 1182 1966 de·

98 2022 229 2119 scripta
255 2023 358 2124 (haec
383 2026 479 2097 enim
505 2035 580 2097 erat
603 2026 671 2096 viri
696 2023 952 2126 consuetudo),
990 2021 1182 2123 aliquando

99 2146 248 2222 sormam
283 2176 367 2224 vere
395 2150 615 2224 Wollianam
649 2150 841 2225 induerent
874 2161 910 2224 et
940 2149 985 2222 ad
1016 2150 1181 2223 eximiam
1272 2200 1279 2209 -

98 2275 196 2349 illam
231 2279 462 2376 perfeetionis
494 2281 670 2376 speciem,
730 2306 823 2380 quac
857 2281 895 2350 in
940 2292 1057 2353 mente
1102 2280 1182 2353 cius

97 2401 298 2498 insidebat,
349 2409 481 2480 sensim
507 2406 768 2507 redigerentur.
844 2405 969 2478 Voluit
996 2416 1179 2502 practerea

96 2537 135 2599 et
165 2528 299 2603 wholia
333 2531 465 2605 inedita
501 2560 546 2606 cx
583 2545 753 2633 apparatu
780 2531 946 2606 lloelrleri
979 2531 1109 2604 addere
1144 2540 1180 2603 et

96 2656 291 2753 scriptume
312 2658 584 2758 discrepantiam
609 2672 770 2736 accurate
789 2671 932 2752 notare,
965 2657 1028 2732 sed
1045 2671 1179 2731 uuum-

96 2806 168 2879 que
204 2795 284 2881 post
317 2788 471 2882 primum
508 2799 674 2860 conatum
707 2788 814 2861 simul
847 2814 929 2860 cum
965 2797 1041 2860 toto
1073 2808 1179 2883 opere

92 2908 224 2980 obiecit
249 2922 286 2982 et
310 2938 456 3009 prorsus
482 2914 729 3012 imperfectum
754 2911 913 3011 reliquit.
980 2910 1052 2982 Diu
1074 2909 1177 2981 dubi·

94 3035 212 3106 tabam
233 3037 366 3136 igitur,
404 3050 521 3111 ulrum
548 3039 763 3138 perficienda
783 3050 922 3130 essent,
956 3063 1048 3136 quae
1069 3034 1176 3110 Wol-

92 3160 165 3233 lius'
195 3166 320 3261 primia
355 3167 462 3241 lineis
499 3167 766 3267 designaverat,
816 3193 863 3240 an
891 3167 1013 3240 eadem
1038 3168 1176 3239 ratione
1229 3230 1233 3238 .

91 3288 249 3384 edenda,
300 3320 370 3393 qua
401 3297 650 3393 repperissem.
729 3294 801 3368 Sed
830 3294 914 3369 licet
939 3296 1028 3368 tanti
1061 3296 1174 3366 nomi·

92 3418 156 3489 nis·
175 3422 332 3518 gravitas
358 3434 393 3493 et
416 3426 607 3496 auctoritas
635 3422 864 3496 vehementer
897 3422 1078 3495 videretur
1107 3424 1173 3492 im·

91 3544 234 3641 pedire,
284 3575 356 3648 quo
390 3552 510 3623 minus
551 3549 606 3622 dc‘
630 3552 718 3623 meis
750 3549 888 3650 aliquid
919 3550 1170 3649 adiungeremr

90 3676 209 3742 tamen
233 3670 278 3742 ad
306 3676 396 3745 hanc
418 3678 629 3748 sententiam
652 3677 732 3751 idco
755 3689 832 3751 erat
854 3678 994 3748 animus
1021 3699 1173 3772 propen-

87 3795 183 3889 sior,
245 3802 412 3897 qnoniam
445 3829 515 3874 una
548 3801 615 3878 irae
641 3808 719 3899 ria,
772 3803 870 3906 quod
902 3804 1169 3896 constitueram,

86 4002 179 4013 ——---
188 4008 194 4012 .
207 4007 359 4017 -—--——.-.

154 4110 180 4173 *)
199 4112 293 4168 Docet
311 4114 341 4168 id
360 4114 457 4184 aliqara
476 4120 608 4189 plagula,
638 4121 666 4175 in
686 4135 740 4189 qua
758 4132 846 4175 annus
859 4106 974 4175 'notatur
992 4082 1044 4175 esi.
1079 4119 1170 4176 Char·

86 4202 177 4249 tarum
196 4199 272 4252 erim
291 4200 411 4265 fornace,
438 4204 696 4272 quibusWolfios,
724 4207 749 4260 si
769 4207 838 4273 quid
857 4209 975 4277 primum
993 4207 1052 4261 sibi
1071 4219 1170 4262 notare

85 4282 192 4347 vellet,
225 4285 412 4347 adsolebat,
451 4290 645 4348 minaeorum
671 4293 836 4358 varietatis,
870 4295 1036 4364 plerumque
1052 4294 1169 4348 mutilae

84 4376 303 4437 truncamque,
339 4373 456 4427 aliunde
480 4375 631 4434 abscissae.
675 4378 719 4435 Ita
736 4396 835 4435 aunum
854 4396 939 4451 supra
958 4379 1081 4452 positum
1099 4398 1168 4454 pro·

80 4453 126 4508 eia
142 4457 253 4526 aporire
272 4458 381 4516 solutae
400 4460 549 4530 pecuniae.
