3044 5264
491 333 791 468 'arraaarus
822 392 1045 468 carneus.
1222 386 1323 460 aaa

239 594 380 666 bitabit.
465 594 530 667 Sin
563 619 648 667 vero
684 593 789 668 aliter
813 596 944 694 aliquis
977 608 1159 689 censeret,
1209 610 1245 671 et
1278 625 1323 671 ex

238 693 506 768 scholiasturum
528 695 810 769 enarrationibus
828 725 898 770 non
914 697 1136 790 adverbium,
1164 698 1227 770 sed
1246 727 1322 771 rer·

237 797 323 868 bum
339 795 580 894 exsculperetr
607 800 639 869 is
658 797 762 872 facile
776 803 983 895 corrigeret,
1011 808 1114 896 ἔγχεσί
1130 801 1161 874 r'
1180 803 1233 892 ἡδ’
1250 802 1320 876 ἐλά·

238 932 305 1001 τῃς,
329 896 373 970 de
397 917 466 995 qua
482 900 700 972 correctione
711 901 782 973 iam
797 896 959 973 Woltius
976 904 1205 999 cogitaverat.
1241 903 1321 1001 ligo

238 1025 323 1073 vero
347 1001 384 1070 in
403 1001 584 1097 superiore
608 1002 784 1073 sententia
806 1002 1101 1100 acquiescendum
1120 1026 1198 1075 esse
1216 1016 1317 1099 puto.

338 1126 410 1215 aigei
445 1132 521 1218 ζωοί
551 1134 633 1227 περ]
685 1125 858 1202 Similiter
891 1130 1068 1203 Homerus
1104 1130 1149 1201 Il.
1170 1132 1317 1222 XVIII,

236 1224 327 1299 559.
363 1231 526 1324 »ὡμίλευν
548 1236 579 1303 δ’
607 1228 686 1317 diere
710 1235 786 1319 ζωοὶ
807 1240 971 1331 piperni«,
1005 1230 1140 1331 Hymn.
1169 1235 1207 1303 in
1233 1234 1317 1305 Cer.

235 1325 328 1400 215.
365 1343 443 1407 »καὶ
465 1335 574 1430 χάρις,
600 1333 673 1419 dest
696 1343 756 1433 πέρ
779 1365 815 1407 τε
842 1335 1098 1427 θεμιστοπόλων
1117 1335 1319 1428 pleuritica«

336 1451 428 1528 190.
481 1463 625 1556 ἔγχεσιν]
657 1470 760 1554 ἔγχεσι
783 1465 815 1532 d'
839 1458 882 1529 Il.
909 1501 959 1515 —
1015 1460 1150 1562 ἐλάτῃς]
1187 1465 1316 1563 ἐλάτῃσ’

234 1559 321 1630 ΑΕ.
383 1563 534 1660 ἐλάτῃσιν
564 1559 622 1630 Fl
634 1587 681 1629 m.
753 1560 965 1655 αὐτόοχεδον·
1000 1566 1095 1655 e’ypde
1136 1564 1159 1651 ἢ
1197 1563 1318 1648 εὐθὺς·

235 1663 375 1759 ὠριγνῶ·
401 1663 439 1734 τὰ
468 1670 620 1756 ἐπιθυμῶ
643 1662 687 1730 lt.
760 1661 891 1734 Totum
917 1685 1058 1733 versum
1085 1662 1248 1758 Hepnius
1273 1639 1331 1733 ad'

235 1760 280 1830 ll.
319 1760 364 1830 Τ.
391 1754 485 1850 Vll,
523 1787 563 1858 p.
586 1752 667 1834 545
701 1763 779 1835 sine
812 1761 940 1835 idonea
975 1788 1097 1835 caussa
1123 1764 1318 1834 insiticium

234 1889 312 1934 esse
344 1864 531 1958 opinatur,
571 1856 679 1934 immo
711 1861 780 1936 boc
818 1889 924 1935 versu
951 1866 1084 1954 eiecto,
1134 1887 1205 1935 non
1232 1888 1316 1935 eon·

235 1976 303 2035 stat
327 1961 397 2034 sibi
427 1976 550 2060 poetae
577 1964 789 2061 descriptio,
836 1987 928 2061 quae
959 1964 1127 2062 Lapithas
1163 1976 1198 2036 et
1224 1965 1316 2036 Cen·

234 2077 352 2135 tauros
378 2061 539 2135 cominus
561 2077 762 2164 pugnantes
790 2064 893 2137 nobis
919 2078 955 2137 et
980 2077 1165 2162 propterea
1191 2091 1317 2137 manus

234 2178 269 2237 ct
292 2191 389 2240 arma
416 2166 646 2239 extendentes
672 2164 848 2258 ostendit,
887 2166 938 2241 cf.
966 2160 1012 2237 ll.
1033 2167 1085 2258 ll,
1111 2162 1193 2237 515
1211 2192 1314 2265 seqq.

334 2286 422 2361 191.
476 2289 534 2362 Ab
561 2295 626 2363 boc
651 2318 757 2364 versu
782 2319 908 2367 novam
935 2294 1126 2390 imaginem
1149 2291 1316 2364 Winter-

235 2404 341 2463 tonus
365 2392 574 2463 ethllius
594 2391 848 2489 exordiuntur,
876 2395 1039 2494 equidem
1060 2421 1140 2468 curn
1154 2391 1315 2466 Scblieb·

230 2492 422 2591 tegrollio,
460 2493 676 2583 Welebero,
728 2489 884 2567 Miillero
914 2497 1064 2568 Martem
1100 2496 1314 2567 Minervam·

233 2618 304 2691 que
338 2594 382 2665 ad
407 2594 637 2693 Lapitharum
671 2591 1001 2693 Centaurorumque
1034 2618 1174 2695 pugnas
1210 2596 1316 2691 perti·

234 2717 318 2766 nere
344 2707 445 2791 pato.
508 2691 670 2767 Minerva
697 2694 786 2769 adeo
818 2718 863 2769 ne
891 2695 999 2768 verbo
1025 2695 1168 2796 quidem
1196 2696 1315 2767 addito

231 2822 253 2866 a
285 2795 399 2867 Marte
433 2798 591 2870 seiuncta
627 2807 695 2869 est.
766 2795 837 2869 Sed
870 2793 961 2868 illud
995 2798 1084 2870 mibi
1118 2795 1315 2868 Muellerus

232 2918 303 2968 non
322 2901 511 2993 persuasit,
540 2896 645 2991 deum
665 2894 764 2971 deam
795 2924 854 2989 ne,
881 2909 921 2969 ut
946 2901 984 2970 iu
1007 2899 1053 2987 ll.
1063 2894 1208 2988 XVIII,
1221 2893 1312 2986 516,

230 3001 370 3070 iunctos
402 2999 570 3096 Lapithas
605 2998 674 3071 sibi
719 2925 962 3071 delindendos
995 3000 1167 3098 elegisse,
1216 2999 1314 3068 Mars

230 3099 317 3169 mibi
344 3099 601 3173 Centaurorum
628 3112 745 3192 tutor,
780 3099 1010 3197 Lapitharum
1032 3103 1127 3173 socia
1151 3100 1313 3170 Minerva

230 3200 340 3272 luisse
366 3195 530 3292 videtur,
568 3202 690 3275 eadem
720 3204 878 3293 ratione,
921 3226 998 3300 qna·
1020 3229 1078 3301 ap.
1111 3204 1218 3273 Paus.
1245 3200 1311 3290 Vl,

230 3293 352 3392 19,9
386 3314 421 3374 et
447 3301 514 3374 boc
541 3314 615 3375 toto
641 3305 679 3374 in
704 3304 860 3374 carmine
885 3303 1017 3376 lactum
1050 3314 1118 3375 est.
1179 3302 1231 3373 lta
1259 3304 1313 3373 iu·

229 3403 379 3475 tercedit
412 3404 607 3478 similitudo
625 3470 629 3478 .
645 3398 764 3503 aliqua
805 3406 899 3476 inter
944 3403 1013 3476 boc
1058 3415 1233 3477 certamen
1278 3415 1315 3475 et

229 3504 438 3576 Herculeam
478 3528 650 3604 pugnam.
750 3506 799 3577 Et
837 3507 868 3577 si
910 3531 1034 3576 verum
1074 3517 1148 3596 est,
1216 3502 1312 3602 quod

227 3607 352 3696 aiunt,
393 3609 462 3678 iam
496 3606 690 3679 Hesiodum
716 3607 915 3678 Centauros
940 3605 1028 3679 tales
1055 3604 1123 3676 sibi
1149 3604 1311 3695 linxisse,

229 3705 353 3804 quales
384 3718 504 3804 postea
528 3720 649 3798 erant,
688 3709 819 3806 equino
849 3731 997 3804 corpore
1030 3705 1195 3800 indutos,
1240 3731 1312 3776 uon

228 3808 388 3904 ineptum
415 3821 489 3899 est,
526 3807 725 3904 praesidem
758 3834 879 3882 eorum
915 3811 952 3879 in
988 3832 1096 3881 curru
1131 3809 1310 3898 insistere,

227 3908 425 3979 Minervam
451 3936 536 3982 vero
562 3912 639 3982 sine
666 3936 773 3982 curru
796 3912 834 3980 in
858 3934 1014 4008 pugnam
1037 3935 1076 3981 se
1107 3910 1309 3982 immittere.

228 4020 371 4107 Προλέες
395 4035 480 4082 vero
505 4011 674 4084 Centauri
698 4022 791 4085 recte
817 4013 1057 4082 nominantur.

327 4145 522 4237 βλοσυροῖο]
549 4149 747 4235 βλοσοοροῑο
778 4139 884 4211 Glm
897 4138 943 4208 V.
969 4183 1018 4196 -
1068 4141 1226 4233 ἕστασαν]
1258 4103 1311 4209 Ila

169 4252 181 4257 ”
229 4236 259 4307 C
285 4232 369 4309 Ald.
393 4240 450 4310 lu.
470 4236 509 4312 I.
540 4243 628 4338 [tog.
654 4240 781 4338 Stepb.
812 4240 938 4310 lleinr.
967 4238 1168 4310 (1οο51-
1217 4246 1311 4314 ἔστα-

227 4370 292 4414 οαν
322 4339 481 4413 BGmS
516 4342 643 4414 Trina·
679 4343 735 4418 lu.
755 4338 797 4411 2.
844 4343 941 4411 Farr.
979 4339 1154 4413 Schmidt.
1193 4340 1308 4413 Gaisl'.

227 4439 346 4514 Boiss.
375 4484 425 4503 -
474 4445 617 4521 ἰὀτοοαν
642 4443 766 4518 Guiet.
792 4442 921 4516 Heius.
941 4485 992 4499 -
1013 4441 1172 4516 Wollius
1194 4465 1311 4540 neque
