<?xml version="1.0" encoding="UTF-8"?>
<!DOCTYPE html PUBLIC "-//W3C//DTD XHTML 1.0 Transitional//EN"
    "http://www.w3.org/TR/xhtml1/DTD/xhtml1-transitional.dtd">
<html xmlns="http://www.w3.org/1999/xhtml" xml:lang="en" lang="en">
 <head>
  <title>
</title>
<meta http-equiv="Content-Type" content="text/html;charset=utf-8" />
  <meta name='ocr-system' content='tesseract 3.04.00' />
  <meta name='ocr-capabilities' content='ocr_page ocr_carea ocr_par ocr_line ocrx_word'/>
</head>
<body>
  <div class='ocr_page' id='page_1' title='image "./hesiodiquodfert00wolfgoog_0028.png"; bbox 0 0 3044 5264; ppageno 0'>
   <div class='ocr_carea' id='block_1_1' title="bbox 539 399 1013 469">
    <p class='ocr_par' dir='ltr' id='par_1_1' title="bbox 539 399 1013 469">
     <span class='ocr_line' id='line_1_1' title="bbox 539 399 1013 469; baseline 0 -2"><span class='ocrx_word' id='word_1_1' title='bbox 539 399 689 469; x_wconf 82' lang='grc' dir='ltr'><em>ΛΣΠΙΣ</em></span> <span class='ocrx_word' id='word_1_2' title='bbox 719 399 1013 468; x_wconf 77' lang='grc' dir='ltr'><em>ΗΡΑΚΛΕΟΥΣ.</em></span> 
     </span>
    </p>
   </div>
   <div class='ocr_carea' id='block_1_2' title="bbox 237 593 1288 702">
    <p class='ocr_par' dir='ltr' id='par_1_2' title="bbox 237 593 1288 702">
     <span class='ocr_line' id='line_1_2' title="bbox 237 593 1288 702; baseline 0.008 -35"><span class='ocrx_word' id='word_1_3' title='bbox 237 606 270 668; x_wconf 87' lang='grc' dir='ltr'><strong><em>οί</em></strong></span> <span class='ocrx_word' id='word_1_4' title='bbox 296 597 329 669; x_wconf 79' lang='grc' dir='ltr'><strong><em>δ’</em></strong></span> <span class='ocrx_word' id='word_1_5' title='bbox 357 593 425 673; x_wconf 75' lang='grc' dir='ltr'><strong><em>αὖτ’</em></strong></span> <span class='ocrx_word' id='word_1_6' title='bbox 456 609 488 687; x_wconf 84' lang='grc' dir='ltr'><strong><em>ές</em></strong></span> <span class='ocrx_word' id='word_1_7' title='bbox 513 601 678 700; x_wconf 76' lang='grc' dir='ltr'><strong><em>ταλάρους</em></strong></span> <span class='ocrx_word' id='word_1_8' title='bbox 701 602 852 702; x_wconf 74' lang='grc' dir='ltr'><strong><em>ἐφόρευν·</em></strong></span> <span class='ocrx_word' id='word_1_9' title='bbox 876 603 968 701; x_wconf 83' lang='grc' dir='ltr'><strong><em>παρά</em></strong></span> <span class='ocrx_word' id='word_1_10' title='bbox 993 608 1030 676; x_wconf 86' lang='grc' dir='ltr'><strong><em>δέ</em></strong></span> <span class='ocrx_word' id='word_1_11' title='bbox 1050 627 1165 699; x_wconf 85' lang='grc' dir='ltr'><strong><em>σφισιν</em></strong></span> <span class='ocrx_word' id='word_1_12' title='bbox 1189 598 1288 698; x_wconf 82' lang='grc' dir='ltr'><strong><em>όρχος</em></strong></span> 
     </span>
    </p>
   </div>
   <div class='ocr_carea' id='block_1_3' title="bbox 232 723 1148 834">
    <p class='ocr_par' dir='ltr' id='par_1_3' title="bbox 232 723 1148 834">
     <span class='ocr_line' id='line_1_3' title="bbox 232 723 1148 834; baseline 0.005 -35"><span class='ocrx_word' id='word_1_13' title='bbox 232 724 370 821; x_wconf 78' lang='grc' dir='ltr'><strong><em>χρύσεος</em></strong></span> <span class='ocrx_word' id='word_1_14' title='bbox 394 723 449 818; x_wconf 73' lang='grc' dir='ltr'><strong><em>ἦν,</em></strong></span> <span class='ocrx_word' id='word_1_15' title='bbox 485 731 587 804; x_wconf 81' lang='grc' dir='ltr'><strong><em>κλυτά</em></strong></span> <span class='ocrx_word' id='word_1_16' title='bbox 610 736 687 826; x_wconf 83' lang='grc' dir='ltr'><strong><em>ἔργα</em></strong></span> <span class='ocrx_word' id='word_1_17' title='bbox 711 737 908 834; x_wconf 72' lang='grc' dir='ltr'><strong><em>περίφρονος</em></strong></span> <span class='ocrx_word' id='word_1_18' title='bbox 929 733 1148 829; x_wconf 72' lang='grc' dir='ltr'><strong><em>Ἡφαίστοιο,</em></strong></span> 
     </span>
    </p>
   </div>
   <div class='ocr_carea' id='block_1_4' title="bbox 152 852 1377 4395">
    <p class='ocr_par' dir='ltr' id='par_1_4' title="bbox 234 852 1023 960">
     <span class='ocr_line' id='line_1_4' title="bbox 234 852 1023 960; baseline 0.014 -38"><span class='ocrx_word' id='word_1_19' title='bbox 234 852 401 946; x_wconf 72' lang='grc' dir='ltr'><strong><em>σειόμενος</em></strong></span> <span class='ocrx_word' id='word_1_20' title='bbox 426 855 578 954; x_wconf 79' lang='grc' dir='ltr'><strong><em>φύλλοισι</em></strong></span> <span class='ocrx_word' id='word_1_21' title='bbox 597 869 653 932; x_wconf 84' lang='grc' dir='ltr'><strong><em>καὶ</em></strong></span> <span class='ocrx_word' id='word_1_22' title='bbox 676 858 851 960; x_wconf 73' lang='grc' dir='ltr'><strong><em>ἀργυρέῃσι</em></strong></span> <span class='ocrx_word' id='word_1_23' title='bbox 875 858 1023 953; x_wconf 78' lang='grc' dir='ltr'><strong><em>κάμαξιν,</em></strong></span> 
     </span>
    </p>

    <p class='ocr_par' dir='ltr' id='par_1_5' title="bbox 230 980 1254 1715">
     <span class='ocr_line' id='line_1_5' title="bbox 234 980 1116 1085; baseline 0.007 -34"><span class='ocrx_word' id='word_1_24' title='bbox 234 981 340 1075; x_wconf 88' lang='grc' dir='ltr'><strong><em>[τοίγε</em></strong></span> <span class='ocrx_word' id='word_1_25' title='bbox 363 996 424 1076; x_wconf 76' lang='grc' dir='ltr'><strong><em>μέν</em></strong></span> <span class='ocrx_word' id='word_1_26' title='bbox 447 980 490 1059; x_wconf 74' lang='grc' dir='ltr'><strong><em>αδ</em></strong></span> <span class='ocrx_word' id='word_1_27' title='bbox 513 994 679 1073; x_wconf 80' lang='grc' dir='ltr'><strong><em>παίζοντες</em></strong></span> <span class='ocrx_word' id='word_1_28' title='bbox 701 987 752 1059; x_wconf 79' lang='grc' dir='ltr'><strong><em>ὑπ’</em></strong></span> <span class='ocrx_word' id='word_1_29' title='bbox 781 990 939 1085; x_wconf 80' lang='grc' dir='ltr'><strong><em>αύλητήρι</em></strong></span> <span class='ocrx_word' id='word_1_30' title='bbox 963 994 1116 1084; x_wconf 83' lang='grc' dir='ltr'><strong><em>έκαστος]</em></strong></span> 
     </span>
     <span class='ocr_line' id='line_1_6' title="bbox 232 1107 1140 1213; baseline 0.006 -35"><span class='ocrx_word' id='word_1_31' title='bbox 232 1107 437 1202; x_wconf 73' lang='grc' dir='ltr'><strong><em>βριθόμενος</em></strong></span> <span class='ocrx_word' id='word_1_32' title='bbox 460 1120 657 1213; x_wconf 61' lang='grc' dir='ltr'><strong><em>σταφυλῇσι·</em></strong></span> <span class='ocrx_word' id='word_1_33' title='bbox 682 1111 895 1202; x_wconf 83' lang='grc' dir='ltr'><strong><em>μελάνθησάν</em></strong></span> <span class='ocrx_word' id='word_1_34' title='bbox 918 1139 955 1204; x_wconf 80' lang='grc' dir='ltr'><strong><em>γε</em></strong></span> <span class='ocrx_word' id='word_1_35' title='bbox 975 1125 1035 1205; x_wconf 82' lang='grc' dir='ltr'><strong><em>μέν</em></strong></span> <span class='ocrx_word' id='word_1_36' title='bbox 1057 1114 1140 1184; x_wconf 86' lang='grc' dir='ltr'><strong><em>α’ίδε.</em></strong></span> 
     </span>
     <span class='ocr_line' id='line_1_7' title="bbox 232 1237 1161 1336; baseline 0.009 -31"><span class='ocrx_word' id='word_1_37' title='bbox 232 1237 302 1325; x_wconf 79' lang='grc' dir='ltr'><strong><em>α’ίγε</em></strong></span> <span class='ocrx_word' id='word_1_38' title='bbox 325 1248 385 1328; x_wconf 75' lang='grc' dir='ltr'><strong><em>μὲν</em></strong></span> <span class='ocrx_word' id='word_1_39' title='bbox 408 1238 575 1332; x_wconf 79' lang='grc' dir='ltr'><strong><em>ἐτράπεον,</em></strong></span> <span class='ocrx_word' id='word_1_40' title='bbox 611 1241 717 1315; x_wconf 81' lang='grc' dir='ltr'><strong><em>τοὶδ</em></strong></span> <span class='ocrx_word' id='word_1_41' title='bbox 746 1242 864 1336; x_wconf 77' lang='grc' dir='ltr'><strong><em>ἤρυον·</em></strong></span> <span class='ocrx_word' id='word_1_42' title='bbox 886 1251 919 1314; x_wconf 86' lang='grc' dir='ltr'><strong><em>σί</em></strong></span> <span class='ocrx_word' id='word_1_43' title='bbox 943 1241 975 1312; x_wconf 83' lang='grc' dir='ltr'><strong><em>δ’</em></strong></span> <span class='ocrx_word' id='word_1_44' title='bbox 1003 1240 1161 1334; x_wconf 78' lang='grc' dir='ltr'><strong><em>ἐμάχοντο</em></strong></span> 
     </span>
     <span class='ocr_line' id='line_1_8' title="bbox 230 1363 1254 1470; baseline 0.011 -37"><span class='ocrx_word' id='word_1_45' title='bbox 230 1363 295 1448; x_wconf 77' lang='grc' dir='ltr'><strong><em>πύξ</em></strong></span> <span class='ocrx_word' id='word_1_46' title='bbox 317 1395 352 1436; x_wconf 90' lang='grc' dir='ltr'><strong><em>τε</em></strong></span> <span class='ocrx_word' id='word_1_47' title='bbox 374 1375 429 1440; x_wconf 83' lang='grc' dir='ltr'><strong><em>καὶ</em></strong></span> <span class='ocrx_word' id='word_1_48' title='bbox 453 1367 603 1455; x_wconf 78' lang='grc' dir='ltr'><strong><em>ε’λκηδὸν·</em></strong></span> <span class='ocrx_word' id='word_1_49' title='bbox 628 1379 681 1441; x_wconf 84' lang='grc' dir='ltr'><strong><em>τοὶ</em></strong></span> <span class='ocrx_word' id='word_1_50' title='bbox 706 1363 739 1439; x_wconf 75' lang='grc' dir='ltr'><strong><em>δ’</em></strong></span> <span class='ocrx_word' id='word_1_51' title='bbox 768 1369 938 1455; x_wconf 72' lang='grc' dir='ltr'><strong><em>ὠκύποδας</em></strong></span> <span class='ocrx_word' id='word_1_52' title='bbox 962 1371 1063 1464; x_wconf 84' lang='grc' dir='ltr'><strong><em>λαγός</em></strong></span> <span class='ocrx_word' id='word_1_53' title='bbox 1086 1368 1183 1470; x_wconf 64' lang='grc' dir='ltr'><strong><em>ᾕρευν</em></strong></span> <span class='ocrx_word' id='word_1_54' title='bbox 1251 1369 1254 1377; x_wconf 57' lang='grc'><strong>’</strong></span> 
     </span>
     <span class='ocr_line' id='line_1_9' title="bbox 230 1489 1103 1592; baseline 0.011 -33"><span class='ocrx_word' id='word_1_55' title='bbox 230 1489 345 1587; x_wconf 85' lang='grc' dir='ltr'><strong><em>ίίνδρες</em></strong></span> <span class='ocrx_word' id='word_1_56' title='bbox 372 1501 550 1590; x_wconf 86' lang='grc' dir='ltr'><strong><em>θηρευταί,</em></strong></span> <span class='ocrx_word' id='word_1_57' title='bbox 586 1506 642 1567; x_wconf 84' lang='grc' dir='ltr'><strong><em>καὶ</em></strong></span> <span class='ocrx_word' id='word_1_58' title='bbox 666 1496 906 1592; x_wconf 87' lang='grc' dir='ltr'><strong><em>καρχαρόδοντε</em></strong></span> <span class='ocrx_word' id='word_1_59' title='bbox 929 1496 1003 1572; x_wconf 87' lang='grc' dir='ltr'><strong><em>κύνε</em></strong></span> <span class='ocrx_word' id='word_1_60' title='bbox 1028 1497 1103 1592; x_wconf 87' lang='grc' dir='ltr'><strong><em>πρό,</em></strong></span> 
     </span>
     <span class='ocr_line' id='line_1_10' title="bbox 230 1621 991 1715; baseline 0.012 -28"><span class='ocrx_word' id='word_1_61' title='bbox 230 1624 349 1709; x_wconf 76' lang='grc' dir='ltr'><strong><em>ἱέμενοι</em></strong></span> <span class='ocrx_word' id='word_1_62' title='bbox 372 1629 522 1710; x_wconf 78' lang='grc' dir='ltr'><strong><em>μαπέειν,</em></strong></span> <span class='ocrx_word' id='word_1_63' title='bbox 559 1632 593 1693; x_wconf 84' lang='grc' dir='ltr'><strong><em>οἱ</em></strong></span> <span class='ocrx_word' id='word_1_64' title='bbox 619 1621 650 1693; x_wconf 82' lang='grc' dir='ltr'><strong><em>δ’</em></strong></span> <span class='ocrx_word' id='word_1_65' title='bbox 680 1631 798 1715; x_wconf 82' lang='grc' dir='ltr'><strong><em>ἱέμενοι</em></strong></span> <span class='ocrx_word' id='word_1_66' title='bbox 823 1624 991 1710; x_wconf 76' lang='grc' dir='ltr'><strong><em>ὑπαλύξαι.</em></strong></span> 
     </span>
    </p>

    <p class='ocr_par' dir='ltr' id='par_1_6' title="bbox 229 1742 1208 2093">
     <span class='ocr_line' id='line_1_11' title="bbox 230 1742 1208 1844; baseline 0.004 -30"><span class='ocrx_word' id='word_1_67' title='bbox 230 1744 296 1838; x_wconf 85' lang='grc' dir='ltr'><strong><em>πάρ</em></strong></span> <span class='ocrx_word' id='word_1_68' title='bbox 319 1742 349 1812; x_wconf 78' lang='grc' dir='ltr'><strong><em>δ’</em></strong></span> <span class='ocrx_word' id='word_1_69' title='bbox 379 1744 491 1830; x_wconf 77' lang='grc' dir='ltr'><strong><em>αὐτοῖς</em></strong></span> <span class='ocrx_word' id='word_1_70' title='bbox 515 1753 630 1835; x_wconf 83' lang='grc' dir='ltr'><strong><em>ίππήες</em></strong></span> <span class='ocrx_word' id='word_1_71' title='bbox 649 1752 722 1840; x_wconf 81' lang='grc' dir='ltr'><strong><em>ἕχον</em></strong></span> <span class='ocrx_word' id='word_1_72' title='bbox 747 1748 865 1831; x_wconf 88' lang='grc' dir='ltr'><strong><em>πόνον,</em></strong></span> <span class='ocrx_word' id='word_1_73' title='bbox 899 1748 987 1844; x_wconf 80' lang='grc' dir='ltr'><strong><em>ἰιμφὶ</em></strong></span> <span class='ocrx_word' id='word_1_74' title='bbox 1011 1747 1043 1820; x_wconf 88' lang='grc' dir='ltr'><strong><em>δ’</em></strong></span> <span class='ocrx_word' id='word_1_75' title='bbox 1070 1747 1208 1833; x_wconf 75' lang='grc' dir='ltr'><strong><em>ἀέθλοις</em></strong></span> 
     </span>
     <span class='ocr_line' id='line_1_12' title="bbox 229 1871 1165 1972; baseline 0.009 -33"><span class='ocrx_word' id='word_1_76' title='bbox 229 1873 324 1962; x_wconf 86' lang='grc' dir='ltr'><strong><em>δήριν</em></strong></span> <span class='ocrx_word' id='word_1_77' title='bbox 344 1874 417 1961; x_wconf 84' lang='grc' dir='ltr'><strong><em>ἕχον</em></strong></span> <span class='ocrx_word' id='word_1_78' title='bbox 440 1882 497 1943; x_wconf 84' lang='grc' dir='ltr'><strong><em>καὶ</em></strong></span> <span class='ocrx_word' id='word_1_79' title='bbox 519 1871 663 1963; x_wconf 90' lang='grc' dir='ltr'><strong><em>μόχθον.</em></strong></span> <span class='ocrx_word' id='word_1_80' title='bbox 713 1880 886 1944; x_wconf 84' lang='grc' dir='ltr'><strong><em>έύπλεκέων</em></strong></span> <span class='ocrx_word' id='word_1_81' title='bbox 906 1873 937 1943; x_wconf 82' lang='grc' dir='ltr'><strong><em>δ’</em></strong></span> <span class='ocrx_word' id='word_1_82' title='bbox 963 1882 1014 1946; x_wconf 82' lang='grc' dir='ltr'><strong><em>ε’πὶ</em></strong></span> <span class='ocrx_word' id='word_1_83' title='bbox 1038 1880 1165 1972; x_wconf 85' lang='grc' dir='ltr'><strong><em>δίφρων</em></strong></span> 
     </span>
     <span class='ocr_line' id='line_1_13' title="bbox 231 1994 970 2093; baseline 0.005 -28"><span class='ocrx_word' id='word_1_84' title='bbox 231 1994 356 2087; x_wconf 86' lang='grc' dir='ltr'><strong><em>ήνίοχοι</em></strong></span> <span class='ocrx_word' id='word_1_85' title='bbox 377 2003 540 2087; x_wconf 76' lang='grc' dir='ltr'><strong><em>βεβαῶτες</em></strong></span> <span class='ocrx_word' id='word_1_86' title='bbox 565 2002 698 2093; x_wconf 78' lang='grc' dir='ltr'><strong><em>ἐφίεσαν</em></strong></span> <span class='ocrx_word' id='word_1_87' title='bbox 721 1996 823 2082; x_wconf 81' lang='grc' dir='ltr'><strong><em>ὠκέας</em></strong></span> <span class='ocrx_word' id='word_1_88' title='bbox 841 2000 970 2082; x_wconf 74' lang='grc' dir='ltr'><strong><em>ἵππους,</em></strong></span> 
     </span>
    </p>

    <p class='ocr_par' dir='ltr' id='par_1_7' title="bbox 228 2110 1142 2342">
     <span class='ocr_line' id='line_1_14' title="bbox 230 2110 1103 2216; baseline 0.007 -27"><span class='ocrx_word' id='word_1_89' title='bbox 230 2119 312 2213; x_wconf 76' lang='grc' dir='ltr'><strong><em>ῥυτά</em></strong></span> <span class='ocrx_word' id='word_1_90' title='bbox 328 2110 557 2213; x_wconf 85' lang='grc' dir='ltr'><strong><em>χαλαίνοντες·</em></strong></span> <span class='ocrx_word' id='word_1_91' title='bbox 583 2123 624 2194; x_wconf 79' lang='grc' dir='ltr'><strong><em>’τά</em></strong></span> <span class='ocrx_word' id='word_1_92' title='bbox 652 2122 684 2193; x_wconf 75' lang='grc' dir='ltr'><strong><em>δ’</em></strong></span> <span class='ocrx_word' id='word_1_93' title='bbox 713 2130 939 2216; x_wconf 80' lang='grc' dir='ltr'><strong><em>ἐπικροτέοντα</em></strong></span> <span class='ocrx_word' id='word_1_94' title='bbox 965 2130 1103 2195; x_wconf 79' lang='grc' dir='ltr'><strong><em>πέτοντο</em></strong></span> 
     </span>
     <span class='ocr_line' id='line_1_15' title="bbox 228 2235 1142 2342; baseline 0.008 -25"><span class='ocrx_word' id='word_1_95' title='bbox 228 2246 364 2342; x_wconf 83' lang='grc' dir='ltr'><strong><em>ἱίρματα</em></strong></span> <span class='ocrx_word' id='word_1_96' title='bbox 387 2249 563 2337; x_wconf 75' lang='grc' dir='ltr'><strong><em>κολλήεντ’,</em></strong></span> <span class='ocrx_word' id='word_1_97' title='bbox 600 2256 651 2323; x_wconf 74' lang='grc' dir='ltr'><strong><em>ἐπὶ</em></strong></span> <span class='ocrx_word' id='word_1_98' title='bbox 676 2256 711 2321; x_wconf 80' lang='grc' dir='ltr'><strong><em>δὲ</em></strong></span> <span class='ocrx_word' id='word_1_99' title='bbox 734 2256 882 2342; x_wconf 85' lang='grc' dir='ltr'><strong><em>πλήμναι</em></strong></span> <span class='ocrx_word' id='word_1_100' title='bbox 905 2249 973 2342; x_wconf 82' lang='grc' dir='ltr'><strong><em>μέγ’</em></strong></span> <span class='ocrx_word' id='word_1_101' title='bbox 1002 2235 1142 2324; x_wconf 79' lang='grc' dir='ltr'><strong><em>οἰίίτευν.Ι</em></strong></span> 
     </span>
    </p>

    <p class='ocr_par' dir='ltr' id='par_1_8' title="bbox 228 2375 1106 2478">
     <span class='ocr_line' id='line_1_16' title="bbox 228 2375 1106 2478; baseline 0.007 -31"><span class='ocrx_word' id='word_1_102' title='bbox 228 2386 260 2447; x_wconf 83' lang='grc' dir='ltr'><strong><em>οἱ</em></strong></span> <span class='ocrx_word' id='word_1_103' title='bbox 284 2389 344 2470; x_wconf 82' lang='grc' dir='ltr'><strong><em>μέν</em></strong></span> <span class='ocrx_word' id='word_1_104' title='bbox 370 2378 417 2473; x_wconf 76' lang='grc' dir='ltr'><strong><em>ἄρ’</em></strong></span> <span class='ocrx_word' id='word_1_105' title='bbox 442 2378 551 2451; x_wconf 83' lang='grc' dir='ltr'><strong><em>ίιΐδιον</em></strong></span> <span class='ocrx_word' id='word_1_106' title='bbox 571 2375 657 2472; x_wconf 86' lang='grc' dir='ltr'><strong><em>εἰχον</em></strong></span> <span class='ocrx_word' id='word_1_107' title='bbox 679 2377 796 2452; x_wconf 88' lang='grc' dir='ltr'><strong><em>πόνον·</em></strong></span> <span class='ocrx_word' id='word_1_108' title='bbox 825 2379 902 2451; x_wconf 76' lang='grc' dir='ltr'><strong><em>οὐδέ</em></strong></span> <span class='ocrx_word' id='word_1_109' title='bbox 925 2387 1006 2453; x_wconf 83' lang='grc' dir='ltr'><strong><em>ποτέ</em></strong></span> <span class='ocrx_word' id='word_1_110' title='bbox 1026 2406 1106 2478; x_wconf 85' lang='grc' dir='ltr'><strong><em>σφιν</em></strong></span> 
     </span>
    </p>

    <p class='ocr_par' dir='ltr' id='par_1_9' title="bbox 228 2501 1036 2601">
     <span class='ocr_line' id='line_1_17' title="bbox 228 2501 1036 2601; baseline 0.001 -26"><span class='ocrx_word' id='word_1_111' title='bbox 228 2513 299 2589; x_wconf 85' lang='grc' dir='ltr'><strong><em>νίκη</em></strong></span> <span class='ocrx_word' id='word_1_112' title='bbox 323 2503 507 2591; x_wconf 78' lang='grc' dir='ltr'><strong><em>ἐπηνύσθη,</em></strong></span> <span class='ocrx_word' id='word_1_113' title='bbox 541 2504 605 2577; x_wconf 76' lang='grc' dir='ltr'><strong><em>ἄλλ’</em></strong></span> <span class='ocrx_word' id='word_1_114' title='bbox 625 2505 768 2601; x_wconf 82' lang='grc' dir='ltr'><strong><em>’άκριτον</em></strong></span> <span class='ocrx_word' id='word_1_115' title='bbox 789 2501 874 2597; x_wconf 83' lang='grc' dir='ltr'><strong><em>εἰχον</em></strong></span> <span class='ocrx_word' id='word_1_116' title='bbox 899 2504 1036 2587; x_wconf 86' lang='grc' dir='ltr'><strong><em>όίεθλον.</em></strong></span> 
     </span>
    </p>

    <p class='ocr_par' dir='ltr' id='par_1_10' title="bbox 224 2629 1190 2856">
     <span class='ocr_line' id='line_1_18' title="bbox 229 2629 1190 2727; baseline 0.002 -26"><span class='ocrx_word' id='word_1_117' title='bbox 229 2641 315 2703; x_wconf 86' lang='grc' dir='ltr'><strong><em>τοῖσι</em></strong></span> <span class='ocrx_word' id='word_1_118' title='bbox 337 2635 372 2702; x_wconf 79' lang='grc' dir='ltr'><strong><em>δὲ</em></strong></span> <span class='ocrx_word' id='word_1_119' title='bbox 398 2644 453 2705; x_wconf 87' lang='grc' dir='ltr'><strong><em>καὶ</em></strong></span> <span class='ocrx_word' id='word_1_120' title='bbox 479 2632 649 2725; x_wconf 85' lang='grc' dir='ltr'><strong><em>προύκειτο</em></strong></span> <span class='ocrx_word' id='word_1_121' title='bbox 675 2641 776 2724; x_wconf 87' lang='grc' dir='ltr'><strong><em>μέγας</em></strong></span> <span class='ocrx_word' id='word_1_122' title='bbox 799 2643 915 2727; x_wconf 79' lang='grc' dir='ltr'><strong><em>τρίπος</em></strong></span> <span class='ocrx_word' id='word_1_123' title='bbox 940 2632 1030 2716; x_wconf 78' lang='grc' dir='ltr'><strong><em>ε’ντός</em></strong></span> <span class='ocrx_word' id='word_1_124' title='bbox 1056 2629 1190 2723; x_wconf 82' lang='grc' dir='ltr'><strong><em>άγῶνος,</em></strong></span> 
     </span>
     <span class='ocr_line' id='line_1_19' title="bbox 224 2759 1094 2856; baseline -0.003 -24"><span class='ocrx_word' id='word_1_125' title='bbox 224 2759 386 2856; x_wconf 73' lang='grc' dir='ltr'><strong><em>χρύσειος,</em></strong></span> <span class='ocrx_word' id='word_1_126' title='bbox 421 2762 521 2834; x_wconf 85' lang='grc' dir='ltr'><strong><em>κλυτά</em></strong></span> <span class='ocrx_word' id='word_1_127' title='bbox 547 2765 627 2854; x_wconf 83' lang='grc' dir='ltr'><strong><em>ἔργα</em></strong></span> <span class='ocrx_word' id='word_1_128' title='bbox 652 2772 849 2856; x_wconf 86' lang='grc' dir='ltr'><strong><em>περίφρονος</em></strong></span> <span class='ocrx_word' id='word_1_129' title='bbox 872 2759 1094 2853; x_wconf 79' lang='grc' dir='ltr'><strong><em>Ἡφαίστοιο.</em></strong></span> 
     </span>
    </p>

    <p class='ocr_par' dir='ltr' id='par_1_11' title="bbox 213 2882 1256 4143">
     <span class='ocr_line' id='line_1_20' title="bbox 323 2882 1198 2985; baseline -0.007 -25"><span class='ocrx_word' id='word_1_130' title='bbox 323 2889 428 2985; x_wconf 80' lang='grc' dir='ltr'><strong><em>Ἀμφὶ</em></strong></span> <span class='ocrx_word' id='word_1_131' title='bbox 453 2888 485 2959; x_wconf 87' lang='grc' dir='ltr'><strong><em>δ’</em></strong></span> <span class='ocrx_word' id='word_1_132' title='bbox 519 2895 590 2959; x_wconf 85' lang='grc' dir='ltr'><strong><em>ἴτυν</em></strong></span> <span class='ocrx_word' id='word_1_133' title='bbox 615 2887 686 2982; x_wconf 86' lang='grc' dir='ltr'><strong><em>ῥέεν</em></strong></span> <span class='ocrx_word' id='word_1_134' title='bbox 707 2885 863 2968; x_wconf 83' lang='grc' dir='ltr'><strong><em>Ὠκεανός</em></strong></span> <span class='ocrx_word' id='word_1_135' title='bbox 891 2883 1058 2972; x_wconf 74' lang='grc' dir='ltr'><strong><em>πλήθοντι</em></strong></span> <span class='ocrx_word' id='word_1_136' title='bbox 1078 2882 1198 2968; x_wconf 80' lang='grc' dir='ltr'><strong><em>έοικεύς,</em></strong></span> 
     </span>
     <span class='ocr_line' id='line_1_21' title="bbox 225 2999 1256 3109; baseline -0.008 -17"><span class='ocrx_word' id='word_1_137' title='bbox 225 3026 292 3093; x_wconf 77' lang='grc' dir='ltr'><strong><em>πᾶν</em></strong></span> <span class='ocrx_word' id='word_1_138' title='bbox 317 3021 352 3090; x_wconf 75' lang='grc' dir='ltr'><strong><em>δὲ</em></strong></span> <span class='ocrx_word' id='word_1_139' title='bbox 379 3031 499 3109; x_wconf 83' lang='grc' dir='ltr'><strong><em>συνεῖχε</em></strong></span> <span class='ocrx_word' id='word_1_140' title='bbox 524 3015 626 3101; x_wconf 81' lang='grc' dir='ltr'><strong><em>σάκος</em></strong></span> <span class='ocrx_word' id='word_1_141' title='bbox 649 3022 910 3087; x_wconf 82' lang='grc' dir='ltr'><strong><em>πολυδαίδαλον·</em></strong></span> <span class='ocrx_word' id='word_1_142' title='bbox 936 3021 969 3084; x_wconf 82' lang='grc' dir='ltr'><strong><em>οἱ</em></strong></span> <span class='ocrx_word' id='word_1_143' title='bbox 994 3013 1030 3083; x_wconf 77' lang='grc' dir='ltr'><strong><em>δὲ</em></strong></span> <span class='ocrx_word' id='word_1_144' title='bbox 1055 3010 1123 3086; x_wconf 78' lang='grc' dir='ltr'><strong><em>κατ’</em></strong></span> <span class='ocrx_word' id='word_1_145' title='bbox 1152 2999 1256 3085; x_wconf 83' lang='grc' dir='ltr'><strong><em>αὐτόν</em></strong></span> 
     </span>
     <span class='ocr_line' id='line_1_22' title="bbox 223 3138 1171 3242; baseline -0.009 -21"><span class='ocrx_word' id='word_1_146' title='bbox 223 3149 334 3221; x_wconf 84' lang='grc' dir='ltr'><strong><em>κύκνοι</em></strong></span> <span class='ocrx_word' id='word_1_147' title='bbox 358 3143 549 3242; x_wconf 80' lang='grc' dir='ltr'><strong><em>άερσιπόται</em></strong></span> <span class='ocrx_word' id='word_1_148' title='bbox 575 3141 691 3234; x_wconf 77' lang='grc' dir='ltr'><strong><em>μεγάλ’</em></strong></span> <span class='ocrx_word' id='word_1_149' title='bbox 716 3142 837 3230; x_wconf 80' lang='grc' dir='ltr'><strong><em>ἤπυον,</em></strong></span> <span class='ocrx_word' id='word_1_150' title='bbox 874 3141 910 3212; x_wconf 76' lang='grc' dir='ltr'><strong><em>οἵ</em></strong></span> <span class='ocrx_word' id='word_1_151' title='bbox 927 3138 970 3233; x_wconf 82' lang='grc' dir='ltr'><strong><em>ῥά</em></strong></span> <span class='ocrx_word' id='word_1_152' title='bbox 992 3170 1028 3232; x_wconf 87' lang='grc' dir='ltr'><strong><em>γε</em></strong></span> <span class='ocrx_word' id='word_1_153' title='bbox 1052 3148 1171 3212; x_wconf 88' lang='grc' dir='ltr'><strong><em>πολλοὶ</em></strong></span> 
     </span>
     <span class='ocr_line' id='line_1_23' title="bbox 222 3268 1169 3371; baseline -0.008 -21"><span class='ocrx_word' id='word_1_154' title='bbox 222 3286 320 3371; x_wconf 76' lang='grc' dir='ltr'><strong><em>νήχον</em></strong></span> <span class='ocrx_word' id='word_1_155' title='bbox 345 3275 390 3347; x_wconf 76' lang='grc' dir='ltr'><strong><em>ἐπ’</em></strong></span> <span class='ocrx_word' id='word_1_156' title='bbox 419 3273 520 3369; x_wconf 84' lang='grc' dir='ltr'><strong><em>άκρον</em></strong></span> <span class='ocrx_word' id='word_1_157' title='bbox 544 3271 646 3366; x_wconf 78' lang='grc' dir='ltr'><strong><em>ὕδωρ·</em></strong></span> <span class='ocrx_word' id='word_1_158' title='bbox 673 3271 741 3364; x_wconf 88' lang='grc' dir='ltr'><strong><em>πάρ</em></strong></span> <span class='ocrx_word' id='word_1_159' title='bbox 767 3269 798 3339; x_wconf 77' lang='grc' dir='ltr'><strong><em>δ’</em></strong></span> <span class='ocrx_word' id='word_1_160' title='bbox 828 3268 943 3362; x_wconf 85' lang='grc' dir='ltr'><strong><em>ἰχθύες</em></strong></span> <span class='ocrx_word' id='word_1_161' title='bbox 968 3276 1169 3342; x_wconf 79' lang='grc' dir='ltr'><strong><em>ἐκλονέοντο·</em></strong></span> 
     </span>
     <span class='ocr_line' id='line_1_24' title="bbox 222 3390 1170 3497; baseline -0.008 -21"><span class='ocrx_word' id='word_1_162' title='bbox 222 3390 345 3497; x_wconf 84' lang='grc' dir='ltr'><strong><em>θαῦμα</em></strong></span> <span class='ocrx_word' id='word_1_163' title='bbox 374 3405 452 3475; x_wconf 80' lang='grc' dir='ltr'><strong><em>ἰδεῖν</em></strong></span> <span class='ocrx_word' id='word_1_164' title='bbox 477 3412 533 3475; x_wconf 83' lang='grc' dir='ltr'><strong><em>καὶ</em></strong></span> <span class='ocrx_word' id='word_1_165' title='bbox 554 3411 632 3487; x_wconf 81' lang='grc' dir='ltr'><strong><em>Ζηνί</em></strong></span> <span class='ocrx_word' id='word_1_166' title='bbox 656 3395 867 3495; x_wconf 76' lang='grc' dir='ltr'><strong><em>βαρυκτύπῳ,</em></strong></span> <span class='ocrx_word' id='word_1_167' title='bbox 905 3391 945 3468; x_wconf 84' lang='grc' dir='ltr'><strong><em>ού</em></strong></span> <span class='ocrx_word' id='word_1_168' title='bbox 970 3397 1024 3466; x_wconf 83' lang='grc' dir='ltr'><strong><em>διὰ</em></strong></span> <span class='ocrx_word' id='word_1_169' title='bbox 1045 3398 1170 3485; x_wconf 80' lang='grc' dir='ltr'><strong><em>βουλάς</em></strong></span> 
     </span>
     <span class='ocr_line' id='line_1_25' title="bbox 213 3523 1097 3631; baseline -0.011 -26"><span class='ocrx_word' id='word_1_170' title='bbox 213 3533 414 3631; x_wconf 86' lang='grc' dir='ltr'><strong><em>Ἥφαιστος</em></strong></span> <span class='ocrx_word' id='word_1_171' title='bbox 435 3544 551 3618; x_wconf 87' lang='grc' dir='ltr'><strong><em>ποίησε</em></strong></span> <span class='ocrx_word' id='word_1_172' title='bbox 576 3527 677 3611; x_wconf 83' lang='grc' dir='ltr'><strong><em>σάκος</em></strong></span> <span class='ocrx_word' id='word_1_173' title='bbox 701 3534 786 3618; x_wconf 87' lang='grc' dir='ltr'><strong><em>μέγα</em></strong></span> <span class='ocrx_word' id='word_1_174' title='bbox 812 3556 846 3597; x_wconf 88' lang='grc' dir='ltr'><strong><em>τε</em></strong></span> <span class='ocrx_word' id='word_1_175' title='bbox 871 3523 1029 3619; x_wconf 79' lang='grc' dir='ltr'><strong><em>στιβαρόν</em></strong></span> <span class='ocrx_word' id='word_1_176' title='bbox 1053 3555 1097 3605; x_wconf 89' lang='grc' dir='ltr'><strong><em>τε,</em></strong></span> 
     </span>
     <span class='ocr_line' id='line_1_26' title="bbox 221 3641 1130 3757; baseline -0.01 -26"><span class='ocrx_word' id='word_1_177' title='bbox 221 3659 405 3753; x_wconf 73' lang='grc' dir='ltr'><strong><em>ἀρσάμενος</em></strong></span> <span class='ocrx_word' id='word_1_178' title='bbox 434 3657 621 3757; x_wconf 64' lang='grc' dir='ltr'><strong><em>παλάμῃσι·</em></strong></span> <span class='ocrx_word' id='word_1_179' title='bbox 648 3655 685 3725; x_wconf 84' lang='grc' dir='ltr'><strong><em>τὸ</em></strong></span> <span class='ocrx_word' id='word_1_180' title='bbox 711 3656 774 3745; x_wconf 72' lang='grc' dir='ltr'><strong><em>μὲν</em></strong></span> <span class='ocrx_word' id='word_1_181' title='bbox 802 3641 878 3736; x_wconf 70' lang='grc' dir='ltr'><strong><em>είιός</em></strong></span> <span class='ocrx_word' id='word_1_182' title='bbox 900 3651 1035 3743; x_wconf 82' lang='grc' dir='ltr'><strong><em>άλκιμος</em></strong></span> <span class='ocrx_word' id='word_1_183' title='bbox 1060 3654 1130 3734; x_wconf 84' lang='grc' dir='ltr'><strong><em>υἱός</em></strong></span> 
     </span>
     <span class='ocr_line' id='line_1_27' title="bbox 219 3780 1129 3883; baseline -0.013 -19"><span class='ocrx_word' id='word_1_184' title='bbox 219 3791 343 3863; x_wconf 85' lang='grc' dir='ltr'><strong><em>πάλλεν</em></strong></span> <span class='ocrx_word' id='word_1_185' title='bbox 368 3789 572 3883; x_wconf 82' lang='grc' dir='ltr'><strong><em>ἐπικρατέως.</em></strong></span> <span class='ocrx_word' id='word_1_186' title='bbox 605 3794 656 3858; x_wconf 76' lang='grc' dir='ltr'><strong><em>ἐπὶ</em></strong></span> <span class='ocrx_word' id='word_1_187' title='bbox 678 3782 709 3854; x_wconf 73' lang='grc' dir='ltr'><strong><em>δ’</em></strong></span> <span class='ocrx_word' id='word_1_188' title='bbox 739 3788 867 3855; x_wconf 82' lang='grc' dir='ltr'><strong><em>ἱππείου</em></strong></span> <span class='ocrx_word' id='word_1_189' title='bbox 891 3780 976 3874; x_wconf 90' lang='grc' dir='ltr'><strong><em>θόρε</em></strong></span> <span class='ocrx_word' id='word_1_190' title='bbox 1002 3785 1129 3877; x_wconf 86' lang='grc' dir='ltr'><strong><em>δίφρου,</em></strong></span> 
     </span>
     <span class='ocr_line' id='line_1_28' title="bbox 218 3908 974 4015; baseline -0.016 -25"><span class='ocrx_word' id='word_1_191' title='bbox 218 3927 340 4003; x_wconf 85' lang='grc' dir='ltr'><strong><em>εἴκελος</em></strong></span> <span class='ocrx_word' id='word_1_192' title='bbox 365 3917 531 4015; x_wconf 73' lang='grc' dir='ltr'><strong><em>ἀστεροπῇ</em></strong></span> <span class='ocrx_word' id='word_1_193' title='bbox 554 3914 680 4010; x_wconf 87' lang='grc' dir='ltr'><strong><em>πατρός</em></strong></span> <span class='ocrx_word' id='word_1_194' title='bbox 705 3910 783 3993; x_wconf 76' lang='grc' dir='ltr'><strong><em>Διός</em></strong></span> <span class='ocrx_word' id='word_1_195' title='bbox 804 3908 974 4000; x_wconf 73' lang='grc' dir='ltr'><strong><em>αἰγιόχοιο,</em></strong></span> 
     </span>
     <span class='ocr_line' id='line_1_29' title="bbox 217 4033 1091 4143; baseline -0.006 -32"><span class='ocrx_word' id='word_1_196' title='bbox 217 4057 329 4143; x_wconf 73' lang='grc' dir='ltr'><strong><em>κοῦφα</em></strong></span> <span class='ocrx_word' id='word_1_197' title='bbox 359 4046 474 4140; x_wconf 72' lang='grc' dir='ltr'><strong><em>βιβάς·</em></strong></span> <span class='ocrx_word' id='word_1_198' title='bbox 501 4050 548 4139; x_wconf 74' lang='grc' dir='ltr'><strong><em>τῷ</em></strong></span> <span class='ocrx_word' id='word_1_199' title='bbox 573 4041 604 4111; x_wconf 73' lang='grc' dir='ltr'><strong><em>δ’</em></strong></span> <span class='ocrx_word' id='word_1_200' title='bbox 633 4041 763 4131; x_wconf 74' lang='grc' dir='ltr'><strong><em>ἡνίοχος</em></strong></span> <span class='ocrx_word' id='word_1_201' title='bbox 787 4038 944 4133; x_wconf 86' lang='grc' dir='ltr'><strong><em>κρατερός</em></strong></span> <span class='ocrx_word' id='word_1_202' title='bbox 963 4033 1091 4120; x_wconf 82' lang='grc' dir='ltr'><strong><em>Ἰόλαος</em></strong></span> 
     </span>
    </p>

    <p class='ocr_par' dir='ltr' id='par_1_12' title="bbox 152 4162 1377 4395">
     <span class='ocr_line' id='line_1_30' title="bbox 152 4162 1057 4271; baseline -0.012 -24"><span class='ocrx_word' id='word_1_203' title='bbox 152 4167 156 4174; x_wconf 56' lang='grc'><strong>’</strong></span> <span class='ocrx_word' id='word_1_204' title='bbox 217 4180 341 4271; x_wconf 86' lang='grc' dir='ltr'><strong><em>δίφρου</em></strong></span> <span class='ocrx_word' id='word_1_205' title='bbox 367 4171 575 4268; x_wconf 72' lang='grc' dir='ltr'><strong><em>ἐπεμβεβαώς</em></strong></span> <span class='ocrx_word' id='word_1_206' title='bbox 598 4166 734 4241; x_wconf 84' lang='grc' dir='ltr'><strong><em>ἰθύνετο</em></strong></span> <span class='ocrx_word' id='word_1_207' title='bbox 763 4164 932 4258; x_wconf 90' lang='grc' dir='ltr'><strong><em>καμπύλον</em></strong></span> <span class='ocrx_word' id='word_1_208' title='bbox 955 4162 1057 4258; x_wconf 87' lang='grc' dir='ltr'><strong><em>ίίρμα.</em></strong></span> 
     </span>
     <span class='ocr_line' id='line_1_31' title="bbox 315 4290 1377 4395; baseline -0.011 -21"><span class='ocrx_word' id='word_1_209' title='bbox 315 4302 513 4395; x_wconf 78' lang='grc' dir='ltr'><strong><em>Ἀγχίμολον</em></strong></span> <span class='ocrx_word' id='word_1_210' title='bbox 538 4305 574 4369; x_wconf 82' lang='grc' dir='ltr'><strong><em>δέ</em></strong></span> <span class='ocrx_word' id='word_1_211' title='bbox 598 4296 652 4395; x_wconf 79' lang='grc' dir='ltr'><strong><em>σφ’</em></strong></span> <span class='ocrx_word' id='word_1_212' title='bbox 681 4291 770 4386; x_wconf 78' lang='grc' dir='ltr'><strong><em>ήλθε</em></strong></span> <span class='ocrx_word' id='word_1_213' title='bbox 795 4293 877 4376; x_wconf 85' lang='grc' dir='ltr'><strong><em>θεά,</em></strong></span> <span class='ocrx_word' id='word_1_214' title='bbox 912 4303 1094 4384; x_wconf 81' lang='grc' dir='ltr'><strong><em>γλαυκῶπις</em></strong></span> <span class='ocrx_word' id='word_1_215' title='bbox 1114 4290 1254 4381; x_wconf 82' lang='grc' dir='ltr'><strong><em>Ἀθήνη,</em></strong></span> <span class='ocrx_word' id='word_1_216' title='bbox 1325 4319 1377 4373; x_wconf 73' lang='lat'><strong><em>325</em></strong></span> 
     </span>
    </p>
   </div>
   <div class='ocr_carea' id='block_1_5' title="bbox 210 4420 1143 4528">
    <p class='ocr_par' dir='ltr' id='par_1_13' title="bbox 210 4420 1143 4528">
     <span class='ocr_line' id='line_1_32' title="bbox 210 4420 1143 4528; baseline -0.013 -24"><span class='ocrx_word' id='word_1_217' title='bbox 210 4435 271 4504; x_wconf 87' lang='grc' dir='ltr'><strong><em>καί</em></strong></span> <span class='ocrx_word' id='word_1_218' title='bbox 297 4459 404 4528; x_wconf 84' lang='grc' dir='ltr'><strong><em>σφεας</em></strong></span> <span class='ocrx_word' id='word_1_219' title='bbox 427 4424 630 4524; x_wconf 73' lang='grc' dir='ltr'><strong><em>θαρσύνουδ</em></strong></span> <span class='ocrx_word' id='word_1_220' title='bbox 659 4431 737 4498; x_wconf 85' lang='grc' dir='ltr'><strong><em>ἔπεα</em></strong></span> <span class='ocrx_word' id='word_1_221' title='bbox 760 4422 937 4522; x_wconf 88' lang='grc' dir='ltr'><strong><em>πτερόεντα</em></strong></span> <span class='ocrx_word' id='word_1_222' title='bbox 961 4420 1143 4521; x_wconf 87' lang='grc' dir='ltr'><strong><em>προςηύδα·</em></strong></span> 
     </span>
    </p>
   </div>
   <div class='ocr_carea' id='block_1_6' title="bbox 0 0 1526 5264">
    <p class='ocr_par' dir='ltr' id='par_1_14' title="bbox 0 0 1526 5264">
     <span class='ocr_line' id='line_1_33' title="bbox 0 0 1526 5264; baseline 0 4"><span class='ocrx_word' id='word_1_223' title='bbox 0 0 1526 5264; x_wconf 95' lang='lat' dir='ltr'><strong><em> </em></strong></span> 
     </span>
    </p>
   </div>
  </div>
 </body>
</html>
