3044 5264
70 772 73 778 .
207 700 323 775 denda
349 728 386 800 p.
408 697 572 773 878.s..

206 387 286 464 160
483 346 761 473 aerumma
787 396 1013 476 cerneus.

207 612 284 673 not.
304 595 346 670 2.
383 598 456 669 rid.
485 598 611 672 Herm.
639 601 679 676 in
710 600 823 701 Greg.
852 600 936 673 Cor.
963 598 1151 674 sennenn
1215 597 1290 671 Ad·

306 800 373 875 92.
427 807 550 902 πολλὰ]
574 808 664 899 μάλα
685 804 758 875 BD
783 802 869 875 Ald.
899 806 957 875 lu.
973 799 1012 873 1.
1041 830 1085 876 ex
1106 802 1237 901 glossa.

307 906 601 1006 pneotorayiger’]
628 903 881 996 oswaldus,
909 906 957 978 ita
976 904 1132 999 editores
1149 930 1289 978 omnes.

183 1005 347 1108 .(Trino.
375 1015 554 1099 μιτέστονα
572 1006 695 1106 picei)
723 1018 759 1080 ot
782 1006 866 1078 libri
891 1004 1069 1106 plerique.
1132 1005 1205 1080 Sed
1235 1020 1294 1101 μέ·

207 1142 310 1190 otono
328 1113 424 1204 χίζοτ’
452 1108 482 1176 Ε
514 1117 550 1178 et
576 1118 864 1203 μιταστονοχίζετο
892 1107 991 1200 GR,
1021 1113 1224 1207 quanquam
1252 1108 1294 1179 in

208 1213 252 1282 lt.
277 1243 363 1290 emo
396 1210 674 1306 suprascriptum
707 1222 773 1283 est.
849 1211 1013 1283 Ceterum
1048 1209 1215 1299 adverte,
1246 1196 1293 1280 'in

207 1312 375 1386 omnibus
417 1308 519 1382 libris
559 1309 632 1408 lugi
669 1313 891 1407 στοναχίζετ’,
943 1311 1040 1413 (non
1074 1312 1293 1410 oravapr'det’)

208 1411 315 1513 quarn
345 1413 494 1484 sormam
522 1436 567 1484 ex
587 1412 745 1490 Homero
778 1412 937 1485 Woifius
969 1413 1127 1510 expulit,
1176 1414 1294 1509 Spita·

208 1542 334 1588 nerum
370 1512 544 1587 fautorem
577 1538 661 1586 suae
692 1516 887 1587 sententiae
914 1528 1061 1605 nactus,
1100 1513 1169 1585 eir.
1198 1516 1290 1587 Ero.

207 1617 264 1688 ΙΙΙ
286 1615 330 1690 ud
358 1613 461 1685 iliad.
489 1615 609 1713 pix,
634 1642 710 1715 seq.
765 1616 855 1688 Rost
876 1616 921 1687 ad
939 1617 1080 1688 Damm.
1110 1614 1183 1691 lex.
1208 1642 1291 1689 ον.

208 1726 396 1812 στοναχίζω.
420 1719 557 1787 Buttm.
584 1717 701 1789 Lexil.
727 1718 764 1808 Ι,
798 1743 836 1814 p.
848 1713 931 1789 214
951 1744 1054 1822 seqq.

307 1822 452 1918 ὀπίσσω]
477 1820 581 1897 ὀπίσω
606 1820 635 1888 F
645 1819 677 1889 Ι.
733 1821 874 1894 ὀνινίσσω
898 1820 941 1891 Ε.

251 2009 255 2017 Ι
307 1916 373 1995 95.
427 1923 470 2011 ἣν
494 1923 592 2015 ἄτην]
618 1922 660 2009 ἢν
687 1921 793 1998 iteras
817 1920 861 1993 C·
915 1923 957 2012 ἣν
980 1921 1138 2012 drusii,
1182 1916 1293 2009 sede

209 2047 387 2119 supersor.
407 2033 578 2093 arerent.
601 2047 650 2092 m.
706 2022 761 2094 De
785 2023 929 2096 notione
950 2023 1046 2096 voois
1068 2022 1137 2094 ofr.
1152 2019 1290 2093 Buttm.

210 2121 328 2196 Lexil.
358 2124 397 2211 l,
430 2148 467 2218 p.
493 2118 586 2194 227.

130 2315 131 2323 ¹
310 2224 428 2322 ὀχέων]
480 2224 532 2294 lta
568 2221 652 2295 libri
683 2233 719 2294 et
751 2222 975 2298 scholiastae.
1018 2222 1204 2297 'Graevius
1232 2249 1294 2295 au·

125 2379 129 2388 .
210 2334 283 2399 tem
315 2325 355 2395 iu
388 2322 486 2395 lectt.
518 2323 693 2395 Hesiodd.
728 2322 773 2395 ad
805 2324 843 2397 h.
869 2352 905 2397 v.
959 2334 1059 2421 ὀχέων
1092 2323 1291 2415 substituit,

211 2435 414 2522 comparato
449 2424 527 2498 loro
549 2424 680 2522 Odyss.
703 2425 812 2518 ΧΧΙ,
830 2423 935 2518 502,
974 2429 1055 2502 tot
1080 2439 1196 2529 φρεσὶν
1219 2421 1296 2529 ᾖσιν
1361 2437 1365 2444 ’

211 2535 355 2614 ἀασθεὶς
385 2529 468 2615 ἤϊεν,
505 2529 547 2616 ἣν
577 2529 659 2617 ἄτην
686 2529 785 2622 ὀχέων
817 2529 988 2631 ἀεσίφρονι
1016 2537 1130 2629 θυμῷ.
1180 2528 1218 2598 ls
1244 2538 1295 2599 ta·

211 2656 295 2702 men
322 2627 442 2725 paullo
470 2627 573 2700 aliter
602 2627 793 2726 capiendus
819 2640 886 2702 est.
941 2629 1080 2702 Deinde
1107 2627 1293 2702 Heinrich.

211 2729 297 2803 huic
319 2730 542 2803 coniecturae
565 2729 725 2822 favebat,
772 2729 840 2803 eir.
868 2729 1017 2804 uot.'ad
1042 2731 1081 2803 Ιι.
1105 2757 1165 2820 v.‚
1213 2756 1295 2827 pro·

213 2844 293 2932 pter
327 2833 588 2922 accusativum,
644 2857 796 2931 quocum
835 2834 938 2930 ὀχέων
971 2831 1066 2928 apud
1098 2832 1295 2905 Homerum

213 2959 287 3006 non
312 2935 548 3006 construitur:
571 2933 756 3028 ‚haerebat
777 2945 915 3028 tamen3
950 2946 1071 3030 postea
1095 2958 1179 3004 vero
1206 2958 1295 3004 mar-

214 3037 291 3134 gini
316 3033 516 3129 adscripsit.
570 3035 709 3106 »Immo
733 3036 841 3128 ὀχέων.
868 3034 918 3107 oi.
947 3034 1067 3106 Clark.
1095 3031 1141 3105 ad
1160 3032 1292 3130 Odyss.

214 3169 257 3234 φ,
279 3130 404 3204 502.«
457 3136 622 3233 Denique
649 3133 776 3206 Dindf.
804 3136 1003 3209 intextum
1029 3133 1119 3206 illud
1145 3136 1292 3231 recepit.

214 3240 264 3307 At
289 3231 485 3332 Goettiing.
514 3234 558 3307 ad
589 3234 762 3308 librorum
792 3237 1001 3335 scripturam
1029 3236 1155 3326 rediit,
1201 3261 1296 3308 eom·

214 3344 308 3409 mate
341 3347 422 3430 post
453 3338 577 3414 ὀπίσσω
615 3335 752 3430 deleto,
807 3348 848 3410 ut
878 3348 1032 3411 accusat.
1070 3335 1240 3433 penderet
1276 3361 1298 3407 n

216 3461 302 3510 voce
327 3446 616 3533 μετεστοναχίζιτο.
667 3438 743 3510 Ηοο
769 3437 933 3537 equidem
958 3436 1093 3536 probo,
1121 3437 1205 3511 coll.
1221 3435 1295 3509 0d.

216 3548 251 3624 d,
272 3532 370 3634 261,
406 3540 488 3625 ἄτην
509 3548 543 3612 δὲ
566 3548 767 3633 μετέστενον.
818 3539 958 3612 Ludere
981 3541 1013 3611 si
1035 3537 1145 3629 velis,
1180 3539 1298 3636 possis

217 3640 320 3714 ἀκέων
343 3663 514 3734 reponere
540 3664 584 3711 ex
618 3639 664 3710 ll.
691 3649 742 3726 A,
765 3637 843 3733 54,
880 3639 943 3711 ubi
968 3638 1171 3715 zenodotus
1197 3648 1299 3735 ἀχέων

216 3741 428 3909 sorlipserat,
471 3737 528 3814 vol
558 3739 683 3814 melius
715 3743 820 3815 etiam
853 3749 966 3817 ἀέκων.
1040 3739 1113 3814 Sed
1144 3750 1299 3838 praestat

218 3865 267 3911 vu
308 3852 378 3913 ata.

283 3865 338 4030 8ἡ
364 3941 399 4015 δ’
425 3942 482 4035 οὗ]
516 3936 592 4030 ἧδ’
617 3941 716 4017 nil)
753 3938 983 4018 Ald.·1u.l.
1021 3941 1213 4040 eademque
1241 3969 1298 4015 ra·

218 4039 314 4110 tione
343 4044 456 4135 prima
486 4043 524 4112 in
548 4043 576 4111 B
601 4068 727 4114 manus
753 4042 917 4134 dederat,
959 4043 1091 4117 adiecta
1124 4046 1298 4141 interpre-

217 4139 349 4209 tatione
373 4145 490 4228 ὅντως,
529 4169 598 4239 qua
622 4142 735 4215 deleta
760 4146 850 4215 alius
882 4142 1026 4216 retinxit
1058 4147 1082 4236 ἥ
1112 4147 1143 4218 δ’
1173 4145 1300 4218 euolisi

132 4260 138 4275 ·
218 4237 409 4413 particulae
447 4250 477 4320 δ’
512 4243 682 4337 admissa,
730 4244 774 4318 de
814 4271 884 4349 qua
916 4244 1084 4319 diximus.
1143 4247 1166 4337 ἥ
1197 4249 1229 4320 δ’
1269 4245 1299 4318 C

251 4361 341 4411 rino.

317 4439 565 4541 πολινόγροτος]
601 4443 646 4515 li.
702 4447 961 4545 »παλινάγρετον
988 4447 1090 4542 ἤγουν
1114 4447 1214 4525 πάλιν
1247 4460 1304 4523 ναὶ
