3044 5264
62 423 72 502 g
125 350 130 360 ’
222 395 303 472 roa
607 405 644 477 a.
671 402 716 476 a.
745 403 932 480 wenna
966 453 968 458 -

218 580 372 709 aliquot'
390 608 458 680 iana
497 604 732 681 describendo
766 607 893 708 clypeo
927 608 1126 706 incomptos
1166 606 1313 682 taudem

217 711 523 801 commemoravit,
562 735 598 781 v.
623 705 703 780 219
735 720 772 783 ct
796 712 939 810 saepius
963 720 1109 807 postca,
1146 722 1187 781 ut
1208 706 1311 803 244,

217 807 316 905 297,
345 807 445 905 515,
478 812 659 883 interdum
685 813 776 910 quia·
793 809 980 904 laborabat
1004 810 1049 884 de
1073 809 1258 883 clausulis.

318 925 412 1002 521.
465 931 568 1029 θόρε]
603 941 749 1027 repente
774 942 856 1028 post
883 930 1127 1030 longissimam
1154 930 1313 1028 quietem

216 1032 366 1106 heroum
392 1031 485 1104 redit
510 1032 554 1103 ad
581 1032 776 1104 actionemt
827 1044 936 1130 prout
965 1030 1157 1104 verborum
1193 1041 1230 1103 et
1258 1033 1313 1103 lo·

217 1137 438 1238 quutionum-
456 1134 648 1231 aucupium
674 1159 756 1205 eum
782 1132 854 1207 buc
878 1146 915 1207 et
941 1132 1027 1206 illuc
1050 1135 1141 1232 agit.

323 1262 463 1340 ,ἱππείου
487 1296 538 1309 -
562 1258 700 1352 δίφρου]
753 1264 875 1326 contra
918 1255 1101 1352 epicorum
1150 1254 1312 1327 omnium

103 1452 108 1459 .
215 1380 321 1427 usum
352 1365 388 1425 et
413 1355 602 1426 rationem.

316 1451 414 1526 524.
466 1454 640 1549 καμπύλον
664 1457 757 1553 ἅρμα
780 1453 895 1547 bene,
934 1467 979 1530 ca
1006 1456 1112 1528 Hom.

318 1569 415 1644 550.
468 1581 506 1648 δέ
527 1606 581 1650 τοι
598 1568 678 1662 ἔπος
702 1579 829 1674 ἐξερέω]
880 1580 901 1619 *
913 1572 965 1647 lta
989 1570 1175 1647 tolerabile
1197 1584 1308 1667 certe,

215 1678 247 1748 si
273 1703 354 1748 cum
381 1676 571 1747 Homerico
603 1700 672 1747 usu
705 1675 987 1773 comparaverim
1033 1709 1067 1751 τι
1100 1685 1195 1748 certe
1221 1675 1311 1748 lcrri

214 1776 316 1850 nullo
342 1776 447 1849 modo
473 1787 611 1875 potest,
648 1802 853 1876 quanquam
891 1782 1000 1876 ἐξερέω
1043 1800 1186 1876 quoquc
1222 1803 1309 1848 nns-

215 1905 337 1980 quanr‚
366 1890 407 1976 ut
433 1877 472 1950 h.
497 1878 542 1971 1.,
571 1890 778 1975 usurpatur.
808 1925 858 1937 -
909 1876 1121 1951 At--nibil
1141 1879 1305 1952 interest.

181 2023 185 2028 ·
314 1983 408 2068 551.
463 1993 694 2095 Admirabilis
726 1995 765 2068 b.
787 1993 816 2068 l.
846 2006 901 2068 est
924 1995 1146 2094 providentia
1172 1995 1305 2069 divina.

213 2099 373 2171 Praescit
399 2097 485 2189 dea,
516 2098 682 2196 Cygnum
709 2099 776 2170 etei
808 2096 995 2193 defensum
1022 2126 1041 2170 a
1067 2108 1167 2196 patre
1193 2097 1309 2171 lllartc

140 2218 145 2230 ·
211 2211 479 2299 propugnatore
506 2201 661 2297 primum
686 2224 852 2298 maurum
878 2224 970 2272 erae.

311 2313 407 2389 555.
464 2313 582 2419 αὐτὸς]
606 2328 647 2390 nt
670 2313 765 2390 425.
821 2314 886 2391 Tu
911 2319 1004 2416 ipsc
1030 2342 1148 2391 vern.

312 2432 407 2508 558.
461 2436 629 2525 Miraris,
670 2436 790 2535 inquit
815 2434 941 2509 doctus
970 2438 1148 2533 interpres
1173 2434 1307 2538 (Hein-

213 2535 305 2609 rich.
333 2536 379 2609 ad
403 2537 443 2610 b.
467 2538 521 2638 v.)
559 2536 660 2610 aleam
686 2536 877 2611 ascendere
901 2564 1044 2610 currum
1072 2536 1164 2628 dici,
1210 2537 1307 2612 undo

210 2650 314 2710 antea
345 2665 419 2712 non
451 2638 706 2713 descendisset.
772 2638 871 2733 Nos,
919 2636 1051 2738 quibua
1086 2649 1140 2710 tot
1172 2637 1240 2713 alia
1267 2642 1308 2712 in

209 2738 249 2811 h.
278 2765 386 2813 carm.
423 2739 599 2813 mirabilia
633 2752 845 2834 occurrunt,
891 2764 1144 2840 quaereremus
1169 2739 1305 2837 potius,

209 2866 317 2941 quem
363 2870 508 2916 currum
555 2842 797 2941 signiticaret,
854 2840 988 2915 ‹leaene
1029 2842 1213 2941 proprium
1259 2868 1308 2913 an

209 2943 398 3040 Herculis3
438 2971 520 3017 nam
553 2971 626 3017 non
656 2970 795 3041 semper
825 2969 935 3017 curru
960 2941 1044 3015 vebi
1077 2941 1198 3035 aleam,
1241 2969 1307 3017 no·

210 3056 286 3117 tum
310 3056 378 3118 cst.
433 3051 481 3118 At
512 3049 544 3118 si
576 3043 760 3139 Herculia,
807 3046 870 3144 qui
906 3044 985 3116 lieri
1016 3045 1152 3141 potuit,
1198 3054 1239 3117 nt
1272 3055 1309 3117 ct

209 3144 310 3218 dcam
347 3148 486 3219 tertiam
521 3171 710 3245 personam
742 3155 886 3243 caperet
916 3143 1060 3246 δίφροςῖ
1111 3145 1180 3218 alr.
1210 3140 1303 3219 456.

209 3248 260 3316 Aa
287 3244 350 3317 ubi
383 3245 500 3318 adbuc
534 3245 698 3319 sedentes
731 3248 967 3346 cogitabimus
998 3244 1124 3319 Martis
1159 3247 1307 3320 comites

209 3345 278 3443 (ll.
305 3354 339 3433 δ,
361 3342 449 3418 440
490 3359 525 3419 ct
562 3346 611 3418 ibi
640 3346 784 3448 lntptt.)
825 3373 909 3422 mox
943 3346 1084 3421 cedenti
1121 3346 1187 3419 deo
1223 3374 1305 3419 suc·

208 3459 414 3541 currentes,
458 3475 494 3519 a.
520 3445 624 3518 1165?
661 3449 756 3522 unde
788 3448 893 3522 nobis
914 3461 1062 3547 repente
1088 3449 1304 3521 accurrunt?

208 3547 272 3621 ubi
299 3563 400 3623 antea
425 3547 621 3623 ardebant?
681 3549 741 3621 Ad
774 3551 974 3650 Olpnpum
1001 3575 1038 3620 r.
1066 3545 1147 3619 466
1185 3574 1304 3621 rever·

208 3649 395 3747 tebantur5
436 3652 521 3725 inde
547 3676 634 3752 ergo
663 3664 810 3749 repente
843 3662 1027 3725 venerant.
1092 3652 1214 3723 Etiam·
1244 3649 1305 3723 bic

209 3753 393 3826 machinae
425 3764 510 3825 snat
540 3754 714 3851 poeticae
781 3752 960 3826 Similiter·
983 3750 1099 3826 Pallas
1131 3759 1205 3841 ἐξίκ.
1242 3754 1305 3826 θὸ-

208 3859 372 3949 λεμπόνδε
393 3851 488 3926 475.
513 3886 565 3914 -a
622 3854 789 3931 Ceterum
815 3854 968 3926 Martem
1003 3865 1040 3927 et
1061 3856 1228 3952 Cygnum
1263 3854 1304 3923 in

208 3953 330 4026 eodem
357 3955 633 4045 concaedere,
675 3980 780 4027 nemo
803 3954 1000 4048 dubitabit,
1041 3982 1076 4027 v.
1098 3951 1164 4025 61.

306 4053 405 4127 540.
459 4056 657 4155 Διόῲνητος]
693 4082 766 4128 raon
802 4060 854 4130 sic
886 4059 994 4130 llnm.
1059 4058 1110 4129 alt
1144 4081 1180 4127 r.
1211 4056 1300 4128 Hes.

206 4154 373 4254 fruguum.
404 4157 521 4252 XXI,
564 4157 747 4230 Gaisl'nrd.

229 4278 232 4284 “
305 4255 401 4329 541.
455 4270 655 4360 σμερδαλέον
677 4261 722 4333 θ’
753 4265 917 4361 ἵπποισιν]
968 4260 1024 4333 Ne
1057 4265 1125 4332 boc
1157 4259 1302 4360 quidem

206 4359 249 4433 θ’
283 4357 494 4454 deleverim3
539 4370 612 4436 *ov
636 4362 674 4431 in
703 4363 773 4435 arsi
798 4364 847 4434 ita
874 4363 1029 4460 positum
1063 4360 1126 4434 ubi
1159 4360 1302 4434 tandem

208 4461 384 4558 reperitur
410 4473 550 4558 praetor
576 4462 614 4533 Ιι.
641 4455 696 4532 l.l
