3044 5264
234 543 246 564 ὑ
364 423 645 508 APPARATUS
679 422 903 501 CRITICUS.
1100 416 1182 494 255

99 626 339 703 »συντάσσεται
374 635 409 703 δὲ
442 640 498 705 καὶ
530 637 628 702 τοῦτο
653 629 736 703 καθ’
764 624 970 722 ὑπερβατὸν,
1004 622 1124 712 οὕτως·
1159 627 1181 718 ἡ

98 740 132 802 δέ
165 731 265 824 ἀχλὺς
297 730 433 817 εἱστήκει
466 732 618 820 ἆπλήτως
657 741 712 803 καὶ
751 730 900 823 μεγάλως
935 738 1093 824 σεσαρυῖα
1127 738 1184 804 καὶ

98 839 299 923 ἐκλελυμένα,
343 838 487 924 μυδαλέη
531 843 587 905 καὶ
624 830 800 927 διᾶβρσχος
839 825 925 903 οὖσα
959 838 992 902 e‘v
1037 828 1183 928 δάκρυσι.

96 935 181 1006 πολὺ
208 942 242 1005 δὲ
267 941 364 1025 χῶμα
389 942 440 1006 int
465 935 543 1017 τοὺς
569 933 678 1024 ὤμους
703 933 806 1021 αὐτῆς
833 937 970 1004 instro«

197 1028 448 1104 270-512.
503 1029 600 1104 Urbs
638 1033 675 1100 iu
708 1057 793 1128 paee
824 1029 1074 1104 florentissima
1110 1028 1181 1104 ci'r.

97 1132 386 1231 Schliehtcgroll.
414 1134 441 1203 1.
469 1134 497 1209 t.
540 1160 578 1230 p.
605 1128 807 1202 89-97.
884 1131 1060 1206 Welckcr
1096 1130 1124 1202 l.
1152 1131 1180 1203 1.

95 1261 135 1331 p.
148 1230 230 1303 580
248 1260 350 1332 seqq.
404 1234 535 1308 Mulier
560 1234 588 1304 I.
612 1233 640 1303 I.
678 1262 714 1330 p.
734 1230 812 1303 892
838 1258 940 1332 seqq.

196 1331 292 1404 270.
346 1339 437 1431 παρὰ
460 1339 492 1411 δ’
531 1336 707 1433 εὔπυργος]
743 1348 817 1432 περὶ
850 1336 882 1408 δ’
916 1342 985 1412 εὐπ.
1019 1335 1050 1405 Β
1077 1359 1096 1406 ο
1123 1362 1180 1432 pr.

97 1463 147 1506 m.
200 1437 323 1532 παροδ
352 1439 422 1512 siim
452 1439 495 1509 C.
549 1441 641 1534 παρὰ
661 1446 696 1510 δέ
720 1469 753 1511 οι
778 1443 903 1532 πῦργος
925 1437 978 1508 Μ.
1032 1440 1124 1536 παρὰ
1148 1446 1185 1511 ot

96 1548 129 1610 οἱ
159 1547 282 1635 πῦργος
320 1537 409 1611 Fm·
475 1541 566 1637 παρὰ
597 1546 666 1613 δέοι
697 1537 820 1636 πύργος
854 1536 886 1607 Ι.
951 1541 1042 1634 παρὰ
1071 1541 1103 1612 δ’
1133 1539 1184 1613 sai-

95 1671 135 1728 τη
178 1671 215 1724 ος
239 1639 282 1708 Ii,
984 1690 988 1697 -

136 1671 175 1736 oy
201 1739 249 1810 Ut
282 1740 320 1809 in
355 1737 464 1811 simili
498 1739 645 1810 Homeri
683 1739 928 1827 enarratione,
965 1740 1010 1811 II.
1038 1739 1182 1830 XVIII,

96 1835 201 1931 490,
244 1839 400 1937 Agallias
425 1842 664 1938 Corcyram,
707 1842 726 1916 ὁ
749 1841 987 1937 Ἀριστοφάνει
1012 1843 1184 1936 γνώριμος,

97 1941 342 2038 quaestionem
378 1943 603 2029 instituerat,
642 1966 813 2037 quasnam
844 1939 968 2011 urbes.
987 1952 1091 2036 poeta
1123 1941 1184 2013 de·

96 2042 252 2114 scribere
284 2042 454 2116 voluisset
480 2041 631 2143 (scholi.
661 2043 781 2115 Vouu.
819 2069 857 2139 p.
873 2038 974 2131 508,
996 2037 1054 2111 20
1076 2067 1181 2140 seqq.

95 2144 244 2242 Bekk.):
287 2145 335 2216 ita
361 2145 472 2218 nostri
498 2145 665 2216 carminis
691 2146 903 2240 interpretes
929 2153 1023 2215 certe
1046 2141 1112 2214 hac
1144 2144 1185 2214 iu

95 2245 203 2316 altera
230 2242 319 2317 urbe
346 2246 533 2320 consilium
563 2256 688 2346 poetae
717 2247 918 2342 perspicere
951 2243 1182 2319 studuerunt.

94 2345 222 2444 Neque
249 2346 401 2445 egebant
422 2374 554 2446 magno
578 2349 755 2420 acumine.
809 2346 923 2440 Nam,
958 2356 999 2422 ut
1023 2347 1073 2420 ait
1096 2345 1184 2418 Ovi·

95 2446 196 2538 dius,
236 2448 325 2520 Met.
348 2449 464 2540 XIII,
489 2445 665 2546 685seq.

197 2547 299 2619 Urbs·
319 2560 414 2639 erat,
453 2560 490 2620 et
515 2561 649 2646 septem
682 2572 805 2645 posses
831 2545 1018 2619 ostendere
1046 2557 1181 2643 portas.

198 2648 275 2723 Hac
300 2675 365 2746 pro
391 2651 534 2721 nominc
561 2660 682 2741 erant,
728 2660 764 2724 et
789 2673 880 2747 quae
907 2649 999 2722 soret
1025 2648 1086 2720 ilia
1119 2648 1183 2719 do·

874 2747 1016 2821 cebant.

94 2847 302 2921 Thebarum
328 2851 422 2921 enim
450 2862 585 2945 septem
611 2862 748 2948 portae,
780 2851 848 2921 iam
876 2849 920 2921 ab
949 2850 1104 2921 Homero
1126 2874 1185 2921 ce·

95 2952 271 3044 labi-atae,
311 2950 382 3023 Od.
394 2952 465 3043 XI,
477 2949 573 3042 265,
611 2955 769 3023 omnium
796 2962 899 3023 erant
924 2949 1108 3023 hominum
1128 2952 1185 3022 'in

95 3079 281 3146 sermoue3
320 3078 385 3125 nec
416 3055 510 3124 muri
535 3054 635 3125 urbis
662 3053 820 3125 turribus
848 3052 1036 3143 instructi,
1088 3052 1184 3144 θὴβη

93 3165 291 3252 ἐϋστέφανος
327 3156 372 3226 II.
403 3151 581 3246 ΧΙΧ,99
625 3154 765 3253 Theog.
795 3181 831 3225 v.
851 3150 952 3246 978,
988 3180 1088 3250 supr.
1109 3151 1181 3243 80,

95 3258 131 3329 iu
160 3255 312 3327 obscuro
337 3255 531 3337 latebant.¹
557 3259 624 3329 cir.
654 3264 853 3357 εὐστέφαυος
873 3281 936 3354 ap.
968 3254 1125 3354 Hesych.
1147 3256 1180 3348 I,

94 3384 131 3454 p.
158 3352 275 3427 1552.
331 3356 557 3430 8ἰοιο1,υουο
585 3357 749 3430 Herculis
780 3369 919 3429 scutum
946 3355 1038 3431 nihil
1064 3357 1183 3453 aptius

94 3460 277 3529 continere
304 3457 512 3550 videbatur,
551 3486 656 3557 quam
683 3459 807 3531 urbem
835 3460 912 3530 eius
938 3460 1107 3554 patriam,
1136 3454 1183 3528 ab

94 3560 173 3655 ipso
203 3558 391 3633 'defensam
429 3571 465 3632 et
496 3574 683 3658 propterca
718 3563 815 3657 pacis
849 3559 1017 3631 felicitate
1049 3557 1182 3631 floren·

93 3661 280 3734 tissimam.

193 3758 286 3834 271.
337 3762 472 3861 χρύσεια
506 3763 685 3835 Wintert.
743 3764 979 3865 ὑπερθυρίοις]
1013 3763 1183 3859 ineo-Jov-

92 3875 178 3961 ρίοις
203 3863 246 3934 C.
299 3866 380 3962 ὑπὲρ
406 3877 540 3961 θυρίοις
566 3863 607 3937 S.

93 3959 290 4140 08γ272.
343 3968 426 4042 ἑπτὰ
447 3963 563 4068 πύλαι]
598 3966 847 4045 mansitare.
901 3963 1085 4042 ἑπτάπυλοι
1106 3966 1182 4038 GII

192 4178 247 4242 τοὶ
273 4176 328 4268 δ’]
357 4175 411 4244 τοί
435 4169 483 4246 δ’.
582 4210 586 4226 ·

191 4277 359 4369 ἀγλαΐαις]
385 4271 535 4362 ἆγλαΐοις
561 4269 605 4344 C·
661 4275 801 4376 ἀγλαΐῃς
825 4271 955 4345 fletur.
979 4272 1018 4343 in
1043 4297 1118 4368 mg.

192 4402 239 4542 τὸ
249 4384 364 4472 χοροῖς
388 4381 439 4472 τε]
461 4387 576 4470 χοροῖς
600 4405 634 4449 τι
660 4374 750 4446 IIV.
803 4384 897 4466 λαοῖς
920 4406 957 4450 τε
981 4373 1022 4450 S.
1075 4382 1180 4447 τεθα-

92 4483 181 4546 λυῖαι
242 4521 254 4540 .
