3044 5264
339 360 416 440 roe
610 372 888 456 Arentinus
921 332 1145 453 euneos.
1283 459 1287 467 .

440 573 615 680 pompae]
653 601 782 680 μακραᾲ
816 581 861 651 L.
938 590 1008 662 τοὶ,
1049 578 1214 672 ὄλυμπον,
1258 586 1429 650 commate

343 684 458 786 posito
483 685 528 755 B.
565 680 649 755 Aide
677 684 735 754 ln.
756 680 794 754 1.
847 693 956 775 ἔχουσι
982 679 1026 749 Ε.

445 783 612 858 Ceterum
643 810 735 883 qnae
760 782 804 855 nh
829 780 899 854 hoe
929 805 1037 853 versu
1070 804 1185 879 usqne
1221 775 1267 850 nd
1303 804 1360 850 vs.
1377 775 1433 849 94

343 880 537 987 leguntur,
573 910 615 958 eu
640 887 758 957 omniu
783 886 832 955 nb
855 883 1001 979 antiqua
1032 881 1205 977 poematis
1231 879 1344 951 formo
1375 906 1432 952 re·

342 998 439 1062 motu
474 987 605 1078 fnium,
642 985 705 1061 Fr.
735 981 969 1057 Thiersehins
1003 983 1228 1078 suspicatae,
1280 980 1325 1052 de
1361 983 1432 1053 He·

344 1086 469 1178 sindo,
504 1114 543 1185 p.
565 1083 620 1157 28
645 1097 745 1178 not.,
785 1083 949 1157 laudetur
973 1109 993 1154 n
1019 1082 1241 1181 Goettiingio
1265 1081 1313 1154 ad
1338 1081 1429 1155 h.1.

344 1189 462 1263 Aliter
490 1184 658 1274 indicauit
691 1197 851 1275 serente
877 1183 1022 1283 quidem
1048 1187 1244 1257 Hermann.
1272 1183 1429 1280 Opusee.

345 1290 440 1382 ΙΙΙ,Ι
472 1315 510 1386 p.
535 1285 627 1360 191.
703 1288 795 1362 Nem
828 1286 925 1385 quod
959 1286 1134 1359 Hercules
1165 1287 1301 1358 sortem⁰
1331 1310 1432 1356 susm

346 1389 525 1488 deplorat,
580 1414 697 1490 neque
729 1389 917 1486 indignum
957 1399 1012 1459 est
1047 1387 1157 1461 heroe
1192 1397 1229 1458 et
1265 1384 1433 1458 convenit

346 1514 428 1565 enm
461 1491 656 1563 notissimis
690 1488 762 1564 iilis
792 1489 1009 1563 Alcumenae
1044 1488 1164 1562 verbis
1194 1488 1233 1559 in
1257 1486 1432 1560 Eoeurum

347 1594 562 1693 fragmento,
851 1685 853 1690 .

460 1690 485 1768 ὦ
506 1703 632 1780 τέκνον,
671 1690 694 1783 ἦ
722 1694 877 1788 μάλα·δὴ
904 1722 940 1767 os
964 1691 1194 1799 ννονηρόταῑον
1217 1700 1273 1768 καὶ
1295 1692 1433 1790 ἄριστον

359 1836 362 1843 ’
459 1798 538 1881 Ζεὺς
561 1805 712 1872 ἐτέκνωσε
732 1799 852 1894 πατήρ.

348 1891 397 1970 ΕΙ
422 1894 493 1969 elio
517 1896 597 1970 loeo
707 1949 713 1962 ·
810 1913 814 1921 ’

458 2009 570 2074 τέκνον
590 1999 682 2092 ἐμὸν,
716 2002 846 2095 Μοῖραί
870 2029 908 2074 σε
931 1997 1162 2096 πονηρότατον
1183 2008 1240 2072 καὶ
1269 1999 1407 2093 ἄριστον

347 2125 407 2196 np.
434 2101 562 2196 Aspar.
590 2094 676 2171 Eth.
710 2098 852 2170 Nicom.
875 2098 953 2189 ΙΙΙ,
990 2124 1029 2195 p·
1051 2094 1121 2169 45.
1190 2096 1364 2170 Similiter
1392 2100 1432 2168 in

348 2198 491 2272 Moschi
518 2222 626 2270 eorm.
655 2199 839 2271 notissimo
859 2200 1005 2299 Megnrn
1030 2196 1210 2296 loquitur,
1240 2211 1281 2270 nt
1304 2194 1430 2271 veti.

459 2303 574 2374 τοῦδ’
602 2301 694 2388 οὔτις
717 2301 819 2394 γένετ’
847 2302 947 2388 ἄλλος
974 2300 1200 2394 ἇποτρότερος
1223 2301 1381 2390 ζωόντων.

245 2468 250 2479 ,
349 2402 535 2473 Praeterea
560 2408 631 2474 tom
661 2411 757 2473 orote
790 2399 982 2474 cohaerent
1014 2399 1122 2472 verbu
1146 2400 1314 2474 Herculis
1349 2426 1432 2473 eom

348 2499 438 2574 loiui
462 2525 646 2598 responso,
673 2513 715 2573 nt
740 2500 830 2574 illud
855 2505 972 2600 ipsum
998 2500 1187 2574 delendum
1213 2486 1354 2593 suisset,
1378 2513 1432 2573 ut·

349 2627 420 2702 qne
453 2603 524 2692 itu,
573 2600 720 2676 obiectis
755 2602 942 2695 omnibus,
993 2628 1084 2702 quse
1119 2605 1173 2675 rei
1205 2601 1432 2676 exornandae

347 2704 571 2795 inserviunt,
614 2705 691 2802 ipso
725 2706 844 2802 epiooe
878 2701 997 2802 poesis
1024 2702 1163 2777 indoles
1197 2726 1345 2802 prorsus
1370 2729 1432 2775 ex·

347 2806 602 2903 stingueretnr.
654 2805 763 2902 Apud
784 2805 1023 2879 Stesichorum
1046 2803 1218 2878 Hercules
1227 2848 1245 2896 ‚·
1274 2805 1431 2878 eMrrte

347 2906 388 2977 fn
414 2916 492 2978 ntus
508 2907 633 3003 primo
658 2908 816 3004 impetu,
851 2916 972 3004 pnsten
997 2905 1091 2980 redit
1118 2903 1164 2977 nd
1191 2906 1349 3005 Cycnum
1372 2931 1432 2978 oe·
1513 2930 1515 2934 ⁴

282 3076 284 3081 .
346 2933 558 3101 uniendum
592 3006 686 3106 opud
711 3007 908 3080 Hesiodum
934 3032 1020 3081 vero
1042 3008 1255 3104 sempiterne
1287 3004 1432 3105 quidem

347 3104 435 3179 hnee
466 3109 659 3180 certamine
702 3109 858 3207 refugit,
915 3108 979 3181 sed
1009 3105 1109 3179 nullo
1140 3106 1265 3180 Martis
1302 3111 1431 3180 timore

347 3207 545 3304 exagitatus
576 3206 824 3306 progreditur,
870 3218 907 3281 et
930 3218 1011 3306 post
1040 3219 1184 3281 mutuos
1217 3233 1299 3281 enm
1331 3207 1458 3281 Ioloo.

347 3327 551 3396 sermones,
596 3306 800 3381 felicissimo
826 3321 954 3382 eonntu
983 3309 1141 3408 Cycnum
1163 3309 1347 3382 mortalem
1374 3310 1431 3380 in-

347 3408 500 3497 terimit,
533 3407 755 3508 Martemque
780 3408 885 3483 deum
910 3410 1087 3482 vulneret.
1416 3478 1419 3483 .

446 3504 517 3579 80.
568 3510 692 3609 ἤλιτεν]
723 3512 810 3598 ἤλιτ’
844 3519 879 3585 ἐν
913 3511 945 3581 Ι.
997 3513 1106 3602 ἤλιτεν
1135 3537 1183 3583 m·
1236 3511 1345 3603 ἤλιτεν
1376 3508 1425 3582 Ι).

346 3605 474 3682 Heius.
526 3609 645 3700 ἤλιθεν
667 3609 755 3681 ΑΙιΙ.
808 3616 1007 3711 εὐστέφανον
1026 3612 1096 3686 SV
1123 3612 1246 3685 Trinc.

445 3707 511 3781 81.
563 3707 666 3806 ἦλθε]
702 3702 811 3802 ἦλθεν
836 3711 867 3784 Ι.

451 3821 637 3912 ulmeos]
686 3821 837 3908 Τίρυνθα
869 3812 1010 3902 ROV,
1035 3813 1167 3888 ·Voss.
1204 3811 1427 3904 Ruhnirenii‚

347 3920 384 3986 et
407 3909 565 3986 Florent.
595 3913 792 4008 Lennepii‚
830 3910 960 4013 sedin
989 3914 1020 3984 ii
1049 3937 1172 4014 margo
1193 3913 1332 4007 hebet,
1374 3947 1429 4010 γρ.

301 4024 303 4028 ’
352 4024 532 4111 Tomeos.
555 4056 606 4069 --
678 4013 818 4112 Τίρυνθ’
853 4016 881 4085 F
891 4013 1004 4087 le
1038 4028 1075 4089 et
1102 4016 1201 4089 Flor.
1237 4016 1427 4112 Lennepii‚

347 4139 440 4212 qune
474 4114 648 4209 scripturo
681 4140 726 4186 ex
757 4113 867 4189 altera
902 4115 962 4186 ilio
1005 4124 1157 4214 Τίρυνθα
1191 4129 1268 4190 orte
1300 4128 1355 4188 est
1393 4125 1429 4186 et

346 4214 556 4287 correctoris
576 4239 654 4286 esse
679 4213 834 4286 videtur.
860 4258 909 4272 -
958 4219 1144 4292 Praeterea
1187 4228 1339 4316 Ίῗρννθα
1365 4242 1426 4313 up.

349 4314 378 4385 f.
404 4312 559 4408 repperi.
613 4313 773 4412 Reliqui·
787 4324 954 4412 Τίρυνθυν
975 4318 1168 4413 exhibentp
1201 4345 1292 4417 quoe
1314 4320 1429 4390 formo

348 4416 387 4487 in
414 4415 644 4512 Argumentis
677 4414 850 4506 librorum
882 4416 1047 4493 Gssov
1079 4431 1194 4495 exsut
1227 4420 1428 4519 ιΤιρύνθου
