3044 5264
259 393 339 470 ste
544 399 866 483 EXEMPLARIA
891 397 1049 474 EDITA.

258 605 556 783 glumula-1⁰·
585 610 804 682 Benenatnnt
831 602 897 679 lito
921 633 1003 681 eum
1026 607 1149 702 Eurip.
1183 604 1362 697 Hecuba,

287 722 408 783 eutem
445 710 612 785 Herculis
649 737 722 782 non
753 707 953 814 Stephani,
1003 707 1067 780 sed
1101 709 1362 807 antiquiorum

258 810 431 884 librorum
468 810 576 908 (atti
607 823 643 884 et
676 813 772 883 lunt.
800 809 850 910 2)
882 811 928 884 ad
964 808 1070 882 iidem
1104 807 1240 880 editum
1281 820 1357 881 est.

258 913 388 1012 Neque
406 913 631 986 Basiieenses
652 911 697 984 ab
719 914 880 1011 Operine
906 939 972 985 sno
998 910 1220 983 recedebant.
1276 911 1360 984 Seti

260 1042 371 1114 quum
407 1015 462 1087 lo.
500 1016 581 1086 Cris
608 1017 689 1086 inus
726 1040 852 1086 novam
890 1012 1135 1086 eolieetionem
1170 1010 1358 1085 mendam

259 1120 456 1215 susciperet
481 1043 643 1217 (itti),
670 1141 740 1214 qua
766 1116 962 1214 Georgica,
994 1113 1159 1186 Bueeiioa
1186 1125 1223 1186 et
1249 1114 1358 1188 Gne·

259 1222 351 1293 tuiea
389 1216 606 1295 Graeeorum
646 1229 806 1314 poemata
837 1214 1139 1313 comprehendere
1180 1213 1356 1296 volebatt

259 1323 294 1392 is
329 1321 486 1417 primus,
533 1331 574 1391 ut
609 1319 768 1411 videtur,
814 1319 882 1391 ltoe
914 1321 952 1414 in
984 1316 1077 1390 libre
1110 1342 1176 1388 sue
1209 1328 1358 1390 textum

259 1420 543 1518 Stephanianum
582 1420 690 1493 simui
721 1448 802 1494 eum
837 1417 1128 1516 interpretatione
1150 1417 1357 1492 Basileensi

259 1523 403 1635 repetiit
445 1534 481 1594 et
527 1524 575 1593 ita
613 1525 705 1600 viam
739 1523 983 1619 rationemque
1019 1521 1185 1617 aperuit,
1239 1546 1355 1618 quam
1390 1565 1394 1574 ·

259 1624 474 1720 posteriores
499 1623 653 1696 editores
678 1626 842 1721 plerique
868 1631 1072 1695 tenuerunt.
1136 1621 1355 1693 »Primumt

259 1726 379 1823 inquit
413 1725 675 1824 typographus,
716 1723 899 1825 (Vignon.
939 1719 1067 1824 1584)
1111 1721 1272 1794 »Graeca
1308 1735 1363 1796 ut

260 1853 365 1924 quum
392 1827 677 1904 emendatissime
697 1825 902 1916 ederentur,
931 1850 1072 1922 oporam
1099 1823 1258 1896 studiose
1284 1820 1352 1897 tie·

260 1928 392 2001 elimes.
457 1927 597 2005 Deinde
623 1930 661 1998 in
689 1928 816 1999 Latina
842 1928 1134 2023 interpretatione
1158 1923 1267 1997 muita
1292 1925 1351 1997 se·

258 2032 374 2104 timus
404 2029 593 2101 meliora«
658 2029 859 2127 Utrumque
891 2052 1014 2099 verunt
1046 2040 1122 2120 est3
1155 2027 1351 2125 imprimis,

259 2129 357 2230 quod
398 2130 441 2200 de
486 2132 778 2227 interpretatione
824 2128 1008 2201 emendata
1055 2129 1113 2200 ait.
1197 2127 1355 2212 Addidit

258 2241 440 2328 praeterea
473 2229 600 2302 breves
631 2231 911 2320 Annotationes,
951 2228 1141 2328 plerasque
1172 2255 1218 2309 ex
1254 2231 1353 2304 notis

259 2329 517 2428 marginalibus
540 2342 575 2402 et
599 2330 965 2403 animadversionibus
981 2328 1159 2427 ,Stephani
1184 2331 1351 2426 haustas,

259 2435 363 2506 euius
394 2433 462 2502 viri
499 2434 644 2506 nornine
681 2458 885 2530 nunquam,
934 2431 1053 2504 verbis
1089 2458 1228 2529 semper
1259 2459 1353 2506 usus

260 2545 341 2627 este
370 2533 575 2606 nonnullas
606 2561 691 2607 vero
723 2559 768 2605 ex
801 2535 914 2631 ipsius
948 2535 1096 2632 ingenio
1121 2546 1246 2626 natas,
1289 2536 1353 2607 rel

259 2635 308 2707 ab
330 2636 472 2726 amieis,
507 2647 546 2707 ut
569 2664 588 2706 a
611 2637 717 2707 Porto
744 2637 906 2706 Cretensi
927 2635 1228 2725 communientes,
1271 2661 1352 2706 eas·

260 2760 332 2834 qtre
356 2763 479 2808 omnes
503 2763 576 2808 uon
598 2738 757 2808 inutiles.
812 2739 886 2808 lam
913 2735 995 2808 vide
1021 2735 1131 2827 milti,
1164 2763 1271 2834 quam
1295 2737 1352 2807 fe-

259 2839 365 2910 licem
391 2834 557 2910 eventum
579 2837 753 2936 Stephani
778 2838 840 2910 hie
862 2835 995 2911 assecla
1018 2835 1198 2909 tabuerit.
1276 2839 1352 2910 He·

259 2938 399 3012 siodnm
426 2941 505 3011 eius
535 2964 614 3010 eum
650 2938 881 3012 translatione
914 2937 1097 3011 emendata
1136 2948 1174 3010 et
1200 2937 1349 3009 adnota-

183 3109 185 3113 .
261 3039 419 3115 tionibus
445 3039 613 3112 omnibus
647 3041 789 3114 iteravit
814 3040 1057 3113 Commelinus
1084 3037 1138 3139 ¹²)
1175 3036 1345 3140 (witin

291 3284 296 3295 ‘
332 3279 377 3343 tt)
399 3279 445 3334 De
462 3277 638 3333 Cemmetiao
656 3296 692 3332 ne
709 3280 809 3334 eredas
827 3281 976 3349 quiequam
994 3283 1167 3339 Muetzettie
1185 3285 1221 3338 de
1239 3285 1351 3346 emend.

261 3346 373 3430 Thepg.
440 3350 472 3430 tt
490 3366 551 3416 seq.
569 3348 619 3417 qui
637 3366 710 3415 quae
730 3349 861 3420 Crispini
880 3364 977 3419 erant,
999 3355 1175 3409 commetino
1193 3353 1354 3424 adscripsit

261 3435 365 3476 ouante.
402 3434 472 3491 ⁸rta
482 3436 537 3486 ego
547 3419 673 3489 repperi,
687 3436 759 3486 quae
769 3422 1037 3478 verecommeliuus
1047 3424 1081 3478 ad
1091 3424 1202 3492 Theog,
1212 3424 1268 3481 sibi
1302 3440 1352 3476 ro-

261 3489 327 3556 pria
344 3488 448 3569 habet,
472 3484 560 3546 νυκτὸς
577 3489 621 3538 καὶ
644 3489 765 3558 δνοφερῆς
783 3506 807 3543 tt.
820 3492 884 3569 ⁸107.
919 3489 961 3544 ὅτι
981 3496 1053 3561 γέντο
1072 3495 1137 3560 199,
1164 3495 1227 3562 ἡδὲ
1245 3442 1352 3565 etima

260 3560 328 3620 wa
358 3559 488 3623 reteque,
513 3572 585 3623 quae
613 3558 718 3611 Muetn.
744 3558 855 3621 attuttt,
890 3562 926 3615 ab
953 3562 1092 3632 Crispino
1123 3578 1270 3620 mutuatus,
1291 3573 1351 3615 est.

159 3645 161 3649 ·
207 3621 214 3649 ¹
261 3625 382 3683 Fetettit
408 3626 624 3687 Munimentum,
649 3627 725 3694 quod
749 3627 829 3681 Corn.
846 3628 990 3700 Crispini,
1016 3632 1060 3685 vet
1088 3631 1229 3703 Stephani
1253 3631 1352 3716 petius

261 3696 480 3756 adnotationes,
514 3695 589 3764 ipsis
613 3696 711 3750 verbis
736 3713 832 3750 eorum
867 3699 988 3754 serratis
1013 3700 1223 3769 exscripserat,
1254 3703 1353 3768 aisque

262 3778 351 3837 pauet
366 3763 504 3846 qupadttu
522 3764 669 3845 sedidem
686 3766 723 3819 de
739 3766 810 3819 suia.
856 3768 899 3823 lta
916 3769 1016 3839 speeie
1032 3769 1180 3827 doetrinae
1197 3790 1230 3828 se
1248 3770 1353 3825 indue·

262 3846 315 3893 rat.
350 3835 500 3888 Rationem
527 3850 589 3887 etus
614 3851 652 3890 ex
680 3851 735 3896 uno
762 3839 896 3910 exempto
921 3854 1080 3906 eognoscat
1107 3841 1200 3897 retina.
1236 3841 1282 3896 at
1310 3855 1352 3892 rs.

262 3902 314 3978 188
332 3904 427 3974 Crisp.
467 3903 545 3957 »Non
564 3904 664 3964 tideo,
691 3904 830 3970 quomodo
854 3903 1005 3968 statano
1021 3909 1057 3962 ad
1075 3924 1186 3966 sensum
1205 3907 1351 3981 applicari

262 3971 372 4044 petstt‘,
398 3971 456 4026 nisi
475 3972 601 4026 dieamus
619 3989 683 4027 esee
700 3974 829 4027 mandunt
854 3993 906 4048 pro
927 3974 1071 4039 ἀδάμαντι,
1104 3990 1133 4033 ttt
1152 3980 1237 4035 etiam
1257 3979 1350 4033 inter·

261 4041 367 4111 pretati
393 4057 514 4095 semesa
561 4042 638 4096 cont.
665 4058 747 4095 vero:
781 4045 859 4099 rNon
883 4046 1101 4127 video-possit·
1143 4050 1224 4115 Lege
1251 4049 1351 4116 itaque

262 4127 324 4233 ppm
343 4110 501 4230 exepnptari
518 4109 651 4167 Venetiis
669 4113 930 4234 caenapum„
948 4126 976 4196 et
994 4131 1023 4196 tn
1043 4116 1194 4190 interpret.
1212 4120 1275 4173 Lat.
1296 4134 1353 4186 pro

262 4196 368 4315 n'ii'i
386 4187 1153 4336 ,tttttt‘ttttaftta,tt‘tttttttttttt
1165 4189 1365 4319 §iiiiii-

261 4318 357 4372 Patet.
375 4318 437 4372 eod.
456 4331 626 4385 scripturam
645 4321 760 4382 attettt,
788 4323 949 4394 Crispinum
967 4338 1080 4396 semper
1096 4326 1353 4406 tecen'sequuter

159 4425 162 4428 »
261 4398 320 4450 est;
356 4386 405 4440 ubi
430 4404 468 4443 ex
494 4388 577 4444 itlius
598 4387 780 4446 adnotatione
808 4391 1010 4458 intetteaterat,
1037 4395 1254 4465 discrepantiam
1282 4412 1351 4451 esse

262 4456 387 4526 utiquam
416 4457 594 4530 scripturae,
625 4458 667 4516 ibi
699 4459 762 4515 cett.
794 4462 925 4537 inspexit
954 4474 984 4520 et
1009 4464 1179 4538 scripturae
1205 4467 1351 4533 enotariu
