3044 5264
402 426 872 508 Amnanvultstonns.
1128 419 1179 493 79

94 651 166 713 atra
193 636 297 711 crisis
328 635 570 731 antiquiorum
594 634 790 705 carminum
817 630 1109 723 intercidisset,
1145 636 1178 707 si

93 740 155 813 illa
181 740 309 837 partim
336 734 479 808 saeculo
501 722 536 805 V
560 732 676 807 adhuc
713 733 803 807 lecta
837 732 942 817 notris
975 760 1048 806 non
1085 738 1177 809 iuri·

93 842 205 914 disset
239 839 398 911 fortuna.
462 835 569 908 Nunc
604 837 699 907 enim
734 847 789 908 tot
824 833 1017 933 deperditis
1050 863 1179 910 monn·

93 944 223 1016 mentis
254 939 428 1038 plurimae
459 962 517 1009 res
549 934 756 1011 moratae
780 948 887 1027 sunt,
928 935 1060 1036 quibus
1085 965 1176 1010 nnn·
1226 1006 1231 1016 ,

93 1037 730 1239 ttttttlttttttttl
753 1049 933 1211 iiiiii
946 1038 1178 1236 siddim

108 1260 123 1279 ⁰
196 1243 352 1314 Omnino
376 1239 532 1337 maligna
557 1242 722 1312 materies
747 1240 784 1311 in
807 1239 877 1313 hoc
897 1239 1094 1327 litterarum
1116 1267 1177 1343 ge·

92 1371 179 1420 nere
200 1343 345 1415 ridetur
368 1339 670 1434 eneeflaioduq
710 1351 748 1413 ct
771 1343 885 1413 cuivis
910 1368 986 1414 sam
1013 1344 1179 1416 mactanti

92 1470 198 1543 saepe
221 1445 378 1515 animum
410 1439 538 1515 subeat
561 1440 652 1513 illud
681 1467 727 1514 ex
747 1443 1041 1542 Epigrammatez.
1076 1446 1179 1545 Ἔργα

91 1554 134 1624 σύ
157 1579 217 1641 μοι
240 1557 405 1642 παρέχεις,
443 1538 469 1617 ὦ
504 1553 601 1638 γέρον
631 1545 782 1619 ῗΗσὶοδε.
846 1543 983 1616 Omitto
1006 1546 1178 1619 incertam

92 1652 169 1721 eius
194 1648 364 1743 patriam,
405 1655 556 1717 aetatem
582 1655 617 1716 et
642 1647 735 1716 ritae
770 1644 1010 1718 conditionem
1044 1673 1178 1720 memo·

92 1775 190 1843 rare,
228 1772 286 1819 res
311 1742 425 1817 nihilo
451 1746 569 1817 minus
595 1743 720 1817 dubias
746 1747 873 1836 nobis,
898 1771 1005 1846 quam
1031 1747 1178 1821 fuerunt

92 1847 290 1922 veteribus:
331 1845 376 1918 de
402 1844 620 1918 carminibus
643 1846 675 1916 si
700 1847 924 1945 quaerimus,
957 1873 1067 1945 prope
1092 1873 1178 1922 eon.

93 1952 199 2023 atanti
235 1973 323 2020 voce
357 1946 554 2020 doctiorum
586 1950 680 2019 inter
714 1959 853 2019 veteres
885 1947 931 2019 ad
964 1950 1092 2042 unius,
1138 1959 1178 2022 ut

95 2050 254 2123 Velleius
277 2051 353 2139 ait,
387 2050 507 2145 operis
529 2050 770 2120 auctoritatem
796 2073 1023 2142 revocamur,
1052 2053 1179 2150 Ἔργων

96 2165 152 2227 καὶ
173 2152 337 2249 Ἠμερῶν.
414 2151 462 2221 At
486 2175 531 2222 ne
557 2148 663 2221 huius
690 2149 833 2248 quidem
865 2149 995 2222 tantuli
1019 2162 1057 2224 et
1079 2151 1176 2246 talis,

38 2258 40 2262 '
95 2252 217 2352 quale,
233 2276 328 2323 nunc
357 2249 510 2349 legimus
541 2252 729 2342 carminis,
770 2252 802 2335 si
834 2250 939 2324 modo
960 2253 1117 2325 Boeotiis
1141 2252 1193 2326 et'
1294 2280 1298 2293 ¹

94 2353 237 2426 assiduo
266 2363 426 2424 veterum
457 2352 651 2424 carminum
683 2350 807 2424 lectori
832 2352 1043 2455 eruditeque
1068 2353 1179 2429 iudici

94 2456 290 2527 Pausaniae
325 2452 520 2546 credimus,
575 2451 671 2550 apud
706 2478 814 2551 quem
859 2466 978 2527 umen
1018 2456 1177 2528 nondum

94 2558 282 2653 quisquam
313 2555 510 2652 quaesiuit,
561 2579 652 2652 quae
686 2563 988 2650 ἒπεδιεσκευασμένα
1012 2555 1177 2631 dicantar

93 2660 138 2729 τὰ
173 2666 225 2730 ἐπὶ
250 2658 300 2730 Ἕ.
328 2687 364 2730 rs
393 2667 448 2730 ast
471 2656 535 2729 Ἠ.
611 2655 739 2752 ipsum
768 2666 886 2730 autem
918 2681 1062 2731 carmen
1095 2684 1177 2731 eum
1262 2726 1269 2744 ,

95 2782 179 2827 cura
203 2755 419 2852 perlectum,
459 2758 581 2853 paucis
605 2753 790 2853 particulis
818 2759 976 2854 exceptis
1008 2762 1069 2830 vix
1101 2759 1177 2831 cui·

95 2884 202 2955 quam
235 2857 439 2929 dissimilem
478 2856 604 2928 faciem
639 2854 795 2928 ostendit
829 2855 874 2928 ab
905 2859 971 2930 ista
998 2843 1179 2957 farragine

94 2960 377 3050 sententiarum,
405 2983 512 3056 quam
538 2955 760 3054 Theognidis
784 2969 945 3054 poemate
970 2971 1089 3058 patres
1114 2984 1177 3032 uo·

94 3062 158 3132 stri
183 3085 255 3132 uua
281 3085 363 3131 cum
392 3059 527 3156 puerili·
553 3057 677 3133 libello
703 3056 748 3129 de
771 3060 892 3156 pueris
926 3057 1120 3134 educandis
1143 3071 1180 3135 ct
1291 3116 1302 3139 .

95 3159 211 3234 lsocra
273 3162 312 3235 iu
344 3159 475 3233 scholis
507 3163 683 3258 patienter
713 3157 893 3259 legebant.
955 3161 1085 3261 Neque
1110 3186 1177 3233 nn·

93 3260 204 3357 pers
277 3287 318 3334 ae
356 3260 557 3334 inconditae
582 3259 743 3334 ordinem
777 3273 839 3333 aut
867 3263 1023 3336 nitorem·
1043 3261 1180 3337 addidit

57 3361 315 3437 0Brnnclsins:
356 3364 421 3461 qui
454 3362 564 3435 multo
590 3361 718 3435 melius
734 3364 959 3457 meruisset,
994 3364 1026 3435 si
1052 3365 1180 3462 ἰιιἝρ-

93 3495 164 3556 νοις
188 3463 390 3536 dissuendis
416 3463 567 3535 cundem
594 3462 736 3535 modum
764 3466 961 3558 tenuisset,
1001 3490 1107 3564 mem
1133 3464 1178 3538 de

96 3562 221 3644 Valcls.
259 3567 397 3637 monitu
432 3564 549 3636 tenuit
573 3566 625 3635 in
661 3563 921 3662 Theognidcis':
970 3590 1093 3663 nequo
1120 3589 1178 3636 res

95 3663 161 3736 ulli
186 3667 225 3737 in
258 3677 438 3762 posteram
463 3664 537 3736 ‘alii
563 3664 801 3738 diasceuastae
834 3665 961 3738 melius
996 3664 1177 3756 succedet,

95 3764 1056 3964 ttt0ltl¹‚titt‘titttfiltt‘t‘tto
1081 3763 1179 3964 {lii

95 3990 168 4038 uon
194 3979 331 4039 tantum
358 3968 470 4041 luxati
497 3965 706 4068 (corporis),
729 3967 809 4038 -sed
831 3979 868 4040 et
887 3968 1069 4066 amplioris
1095 3992 1178 4063 ope·

94 4069 146 4138 ris
168 4071 335 4166 exiguam
360 4095 545 4166 superesse
570 4071 707 4142 ruinam
732 4068 862 4142 docent
880 4069 1071 4160 Manilius,
1108 4067 1179 4139 Pli-

95 4170 198 4260 nius‚
238 4168 321 4263 alii,
370 4196 479 4267 quum
512 4198 557 4243 cx
584 4170 649 4242 illo
675 4170 829 4242 afferunt
859 4169 984 4268 plura,
1027 4194 1179 4268 quorum

93 4294 192 4343 rrunc
218 4296 286 4343 nec
311 4270 389 4344 vola
415 4296 481 4344 nec
506 4273 696 4370 vestigium
720 4281 888 4368 apparet,
927 4273 998 4342 nisi
1025 4272 1107 4369 quis
1129 4282 1179 4342 tc·

92 4395 192 4443 mere
214 4369 347 4470 fingat,
384 4372 451 4444 lros
474 4372 518 4444 de
546 4372 688 4444 diverso
713 4373 868 4445 carmine
901 4374 1035 4445 testari.
1088 4370 1181 4442 Eunt

92 4472 227 4569 igitur,
267 4473 400 4573 quibus
424 4473 462 4545 id
487 4499 578 4572 opus
608 4499 675 4572 pro
702 4475 818 4571 prisca
843 4473 1068 4570 simplicitate
1092 4473 1180 4545 satis
