<?xml version="1.0" encoding="UTF-8"?>
<!DOCTYPE html PUBLIC "-//W3C//DTD XHTML 1.0 Transitional//EN"
    "http://www.w3.org/TR/xhtml1/DTD/xhtml1-transitional.dtd">
<html xmlns="http://www.w3.org/1999/xhtml" xml:lang="en" lang="en">
 <head>
  <title>
</title>
<meta http-equiv="Content-Type" content="text/html;charset=utf-8" />
  <meta name='ocr-system' content='tesseract 3.04.00' />
  <meta name='ocr-capabilities' content='ocr_page ocr_carea ocr_par ocr_line ocrx_word'/>
</head>
<body>
  <div class='ocr_page' id='page_1' title='image "./hesiodiquodfert00wolfgoog_0386.png"; bbox 0 0 3044 5264; ppageno 0'>
   <div class='ocr_carea' id='block_1_1' title="bbox 551 424 1387 547">
    <p class='ocr_par' dir='ltr' id='par_1_1' title="bbox 551 424 1387 547">
     <span class='ocr_line' id='line_1_1' title="bbox 551 424 1387 547; baseline -0.012 -36"><span class='ocrx_word' id='word_1_1' title='bbox 551 433 712 512; x_wconf 78' lang='lat' dir='ltr'><strong>aneas</strong></span> <span class='ocrx_word' id='word_1_2' title='bbox 749 433 988 547; x_wconf 64' lang='lat' dir='ltr'><strong>crunnus</strong></span> <span class='ocrx_word' id='word_1_3' title='bbox 1233 424 1313 500; x_wconf 74' lang='lat' dir='ltr'><strong>aaa</strong></span> <span class='ocrx_word' id='word_1_4' title='bbox 1383 516 1387 524; x_wconf 23' lang='lat'><strong>¹</strong></span> 
     </span>
    </p>
   </div>
   <div class='ocr_carea' id='block_1_2' title="bbox 161 633 1315 4586">
    <p class='ocr_par' dir='ltr' id='par_1_2' title="bbox 161 633 1315 1749">
     <span class='ocr_line' id='line_1_2' title="bbox 232 633 1315 736; baseline -0.002 -22"><span class='ocrx_word' id='word_1_5' title='bbox 232 645 321 727; x_wconf 81' lang='grc' dir='ltr'><strong><em>ξενος</em></strong></span> <span class='ocrx_word' id='word_1_6' title='bbox 344 633 386 729; x_wconf 81' lang='grc' dir='ltr'><strong><em>ἦν</em></strong></span> <span class='ocrx_word' id='word_1_7' title='bbox 407 636 539 725; x_wconf 75' lang='grc' dir='ltr'><strong><em>Κύκνος</em></strong></span> <span class='ocrx_word' id='word_1_8' title='bbox 558 681 609 693; x_wconf 93' lang='grc'>-</span> <span class='ocrx_word' id='word_1_9' title='bbox 630 649 686 713; x_wconf 77' lang='grc' dir='ltr'><strong>καὶ</strong></span> <span class='ocrx_word' id='word_1_10' title='bbox 707 647 741 712; x_wconf 79' lang='grc' dir='ltr'><strong><em>ἐν</em></strong></span> <span class='ocrx_word' id='word_1_11' title='bbox 763 637 898 736; x_wconf 80' lang='grc' dir='ltr'><strong><em>παρόδῳ</em></strong></span> <span class='ocrx_word' id='word_1_12' title='bbox 924 643 985 729; x_wconf 77' lang='grc' dir='ltr'><strong>τῆς</strong></span> <span class='ocrx_word' id='word_1_13' title='bbox 1012 643 1194 723; x_wconf 78' lang='grc' dir='ltr'><strong><em>θετταλίας</em></strong></span> <span class='ocrx_word' id='word_1_14' title='bbox 1219 639 1315 712; x_wconf 79' lang='grc' dir='ltr'><strong><em>οἰκῶν</em></strong></span> 
     </span>
     <span class='ocr_line' id='line_1_3' title="bbox 230 739 1314 840; baseline -0.001 -26"><span class='ocrx_word' id='word_1_15' title='bbox 230 742 472 840; x_wconf 78' lang='grc' dir='ltr'><strong><em>ἁπεκαρστὸμει</em></strong></span> <span class='ocrx_word' id='word_1_16' title='bbox 492 742 570 827; x_wconf 77' lang='grc' dir='ltr'><strong><em>τοὺς</em></strong></span> <span class='ocrx_word' id='word_1_17' title='bbox 602 739 782 837; x_wconf 73' lang='grc' dir='ltr'><strong><em>παριόντας</em></strong></span> <span class='ocrx_word' id='word_1_18' title='bbox 814 743 926 825; x_wconf 78' lang='grc' dir='ltr'><strong><em>ξένων,</em></strong></span> <span class='ocrx_word' id='word_1_19' title='bbox 976 742 1081 814; x_wconf 83' lang='grc' dir='ltr'><strong><em>ναὸν</em></strong></span> <span class='ocrx_word' id='word_1_20' title='bbox 1112 747 1165 838; x_wconf 75' lang='grc' dir='ltr'><strong>τῷ</strong></span> <span class='ocrx_word' id='word_1_21' title='bbox 1193 741 1244 813; x_wconf 75' lang='lat' dir='ltr'><strong>”A</strong></span> <span class='ocrx_word' id='word_1_22' title='bbox 1251 773 1314 836; x_wconf 84' lang='grc' dir='ltr'><strong>ρει</strong></span> 
     </span>
     <span class='ocr_line' id='line_1_4' title="bbox 229 841 1313 942; baseline -0.004 -26"><span class='ocrx_word' id='word_1_23' title='bbox 229 843 484 936; x_wconf 76' lang='grc' dir='ltr'><strong><em>βουλόμενος</em></strong></span> <span class='ocrx_word' id='word_1_24' title='bbox 508 851 547 916; x_wconf 76' lang='grc' dir='ltr'><strong>ἐκ</strong></span> <span class='ocrx_word' id='word_1_25' title='bbox 567 847 846 942; x_wconf 65' lang='lat' dir='ltr'><strong>recaeperitis</strong></span> <span class='ocrx_word' id='word_1_26' title='bbox 864 843 1176 934; x_wconf 78' lang='grc' dir='ltr'><strong><em>σίκοδσμῆσαι.ι</em></strong></span> <span class='ocrx_word' id='word_1_27' title='bbox 1223 841 1313 912; x_wconf 88' lang='lat' dir='ltr'><strong>lolai</strong></span> 
     </span>
     <span class='ocr_line' id='line_1_5' title="bbox 230 938 1311 1041; baseline 0.003 -30"><span class='ocrx_word' id='word_1_28' title='bbox 230 943 348 1014; x_wconf 85' lang='lat' dir='ltr'><strong>nullus</strong></span> <span class='ocrx_word' id='word_1_29' title='bbox 370 956 488 1040; x_wconf 88' lang='lat' dir='ltr'><strong>partes</strong></span> <span class='ocrx_word' id='word_1_30' title='bbox 514 943 553 1013; x_wconf 93' lang='lat' dir='ltr'><strong>in</strong></span> <span class='ocrx_word' id='word_1_31' title='bbox 576 942 696 1039; x_wconf 79' lang='lat' dir='ltr'><strong>Cycno</strong></span> <span class='ocrx_word' id='word_1_32' title='bbox 723 938 925 1012; x_wconf 89' lang='lat' dir='ltr'><strong>Stesichoro</strong></span> <span class='ocrx_word' id='word_1_33' title='bbox 951 941 1084 1032; x_wconf 84' lang='lat' dir='ltr'><strong>luisse,</strong></span> <span class='ocrx_word' id='word_1_34' title='bbox 1127 939 1311 1041; x_wconf 79' lang='lat' dir='ltr'><strong>probabile</strong></span> 
     </span>
     <span class='ocr_line' id='line_1_6' title="bbox 229 1039 1312 1141; baseline 0.002 -28"><span class='ocrx_word' id='word_1_35' title='bbox 229 1053 303 1114; x_wconf 81' lang='lat' dir='ltr'><strong>est:</strong></span> <span class='ocrx_word' id='word_1_36' title='bbox 371 1069 442 1114; x_wconf 91' lang='lat' dir='ltr'><strong>non</strong></span> <span class='ocrx_word' id='word_1_37' title='bbox 478 1044 680 1116; x_wconf 77' lang='lat' dir='ltr'><strong>reticuisset</strong></span> <span class='ocrx_word' id='word_1_38' title='bbox 720 1041 816 1114; x_wconf 90' lang='lat' dir='ltr'><strong>enim</strong></span> <span class='ocrx_word' id='word_1_39' title='bbox 856 1039 1084 1135; x_wconf 80' lang='lat' dir='ltr'><strong>scholiastes,</strong></span> <span class='ocrx_word' id='word_1_40' title='bbox 1134 1046 1213 1141; x_wconf 86' lang='lat' dir='ltr'><strong>ipso</strong></span> <span class='ocrx_word' id='word_1_41' title='bbox 1239 1043 1312 1115; x_wconf 89' lang='lat' dir='ltr'><strong>llae</strong></span> 
     </span>
     <span class='ocr_line' id='line_1_7' title="bbox 229 1140 1311 1243; baseline 0.004 -31"><span class='ocrx_word' id='word_1_42' title='bbox 229 1145 374 1217; x_wconf 85' lang='lat' dir='ltr'><strong>nomino</strong></span> <span class='ocrx_word' id='word_1_43' title='bbox 400 1147 591 1237; x_wconf 79' lang='lat' dir='ltr'><strong>invitante,</strong></span> <span class='ocrx_word' id='word_1_44' title='bbox 634 1166 740 1243; x_wconf 82' lang='lat' dir='ltr'><strong>quem</strong></span> <span class='ocrx_word' id='word_1_45' title='bbox 767 1140 904 1214; x_wconf 87' lang='lat' dir='ltr'><strong>loluum</strong></span> <span class='ocrx_word' id='word_1_46' title='bbox 928 1142 1103 1242; x_wconf 70' lang='lat' dir='ltr'><strong>appellat,</strong></span> <span class='ocrx_word' id='word_1_47' title='bbox 1153 1145 1218 1216; x_wconf 89' lang='lat' dir='ltr'><strong>sed</strong></span> <span class='ocrx_word' id='word_1_48' title='bbox 1241 1147 1311 1217; x_wconf 82' lang='lat' dir='ltr'><strong>Mi-</strong></span> 
     </span>
     <span class='ocr_line' id='line_1_8' title="bbox 229 1236 1313 1345; baseline 0.003 -31"><span class='ocrx_word' id='word_1_49' title='bbox 229 1269 338 1317; x_wconf 85' lang='lat' dir='ltr'><strong>nerva</strong></span> <span class='ocrx_word' id='word_1_50' title='bbox 379 1244 475 1344; x_wconf 90' lang='lat' dir='ltr'><strong>apud</strong></span> <span class='ocrx_word' id='word_1_51' title='bbox 513 1257 705 1343; x_wconf 88' lang='lat' dir='ltr'><strong>utrumque</strong></span> <span class='ocrx_word' id='word_1_52' title='bbox 750 1236 850 1341; x_wconf 82' lang='lat' dir='ltr'><strong>agit,</strong></span> <span class='ocrx_word' id='word_1_53' title='bbox 896 1247 968 1332; x_wconf 78' lang='grc' dir='ltr'><strong>»ὡς</strong></span> <span class='ocrx_word' id='word_1_54' title='bbox 996 1248 1215 1345; x_wconf 56' lang='lat' dir='ltr'><strong>Ferentio«,</strong></span> <span class='ocrx_word' id='word_1_55' title='bbox 1262 1247 1313 1318; x_wconf 89' lang='lat' dir='ltr'><strong>ait</strong></span> 
     </span>
     <span class='ocr_line' id='line_1_9' title="bbox 227 1344 1312 1449; baseline 0.008 -34"><span class='ocrx_word' id='word_1_56' title='bbox 227 1344 343 1418; x_wconf 85' lang='lat' dir='ltr'><strong>schol.</strong></span> <span class='ocrx_word' id='word_1_57' title='bbox 390 1357 579 1449; x_wconf 72' lang='grc' dir='ltr'><strong><em>»τραπέντα</em></strong></span> <span class='ocrx_word' id='word_1_58' title='bbox 605 1346 785 1443; x_wconf 72' lang='grc' dir='ltr'><strong><em>ἀνέρρωσεν</em></strong></span> <span class='ocrx_word' id='word_1_59' title='bbox 814 1346 1015 1435; x_wconf 80' lang='grc' dir='ltr'><strong><em>η’Ἀθηνᾶ,</em></strong></span> <span class='ocrx_word' id='word_1_60' title='bbox 1062 1348 1149 1423; x_wconf 71' lang='grc' dir='ltr'><strong><em>οὕτω</em></strong></span> <span class='ocrx_word' id='word_1_61' title='bbox 1172 1360 1228 1424; x_wconf 79' lang='grc' dir='ltr'><strong>καὶ</strong></span> <span class='ocrx_word' id='word_1_62' title='bbox 1251 1351 1312 1424; x_wconf 82' lang='grc' dir='ltr'><strong><em>τὸν</em></strong></span> 
     </span>
     <span class='ocr_line' id='line_1_10' title="bbox 225 1447 1307 1545; baseline 0.001 -26"><span class='ocrx_word' id='word_1_63' title='bbox 225 1453 454 1543; x_wconf 73' lang='grc' dir='ltr'><strong><em>Ἀγησίδαμσν</em></strong></span> <span class='ocrx_word' id='word_1_64' title='bbox 478 1452 496 1524; x_wconf 84' lang='grc' dir='ltr'>ὁ</span> <span class='ocrx_word' id='word_1_65' title='bbox 521 1450 663 1535; x_wconf 78' lang='grc' dir='ltr'><strong><em>Ἰόλας.ι</em></strong></span> <span class='ocrx_word' id='word_1_66' title='bbox 716 1448 882 1518; x_wconf 82' lang='lat' dir='ltr'><strong>Ceterum</strong></span> <span class='ocrx_word' id='word_1_67' title='bbox 911 1447 1009 1545; x_wconf 91' lang='lat' dir='ltr'><strong>quod</strong></span> <span class='ocrx_word' id='word_1_68' title='bbox 1033 1473 1213 1520; x_wconf 89' lang='lat' dir='ltr'><strong>summum</strong></span> <span class='ocrx_word' id='word_1_69' title='bbox 1237 1458 1307 1540; x_wconf 91' lang='lat' dir='ltr'><strong>est,</strong></span> 
     </span>
     <span class='ocr_line' id='line_1_11' title="bbox 225 1546 1310 1648; baseline 0.005 -31"><span class='ocrx_word' id='word_1_70' title='bbox 225 1547 265 1617; x_wconf 92' lang='lat' dir='ltr'><strong>in</strong></span> <span class='ocrx_word' id='word_1_71' title='bbox 297 1548 463 1622; x_wconf 84' lang='lat' dir='ltr'><strong>Herculis</strong></span> <span class='ocrx_word' id='word_1_72' title='bbox 499 1551 631 1621; x_wconf 87' lang='lat' dir='ltr'><strong>virtute</strong></span> <span class='ocrx_word' id='word_1_73' title='bbox 674 1547 892 1620; x_wconf 80' lang='lat' dir='ltr'><strong>facinorosos</strong></span> <span class='ocrx_word' id='word_1_74' title='bbox 934 1546 1097 1622; x_wconf 89' lang='lat' dir='ltr'><strong>homines</strong></span> <span class='ocrx_word' id='word_1_75' title='bbox 1125 1552 1310 1648; x_wconf 90' lang='lat' dir='ltr'><strong>punientis</strong></span> 
     </span>
     <span class='ocr_line' id='line_1_12' title="bbox 161 1646 1279 1749; baseline 0.001 -31"><span class='ocrx_word' id='word_1_76' title='bbox 161 1676 169 1686; x_wconf 95' lang='lat'>·</span> <span class='ocrx_word' id='word_1_77' title='bbox 226 1646 458 1722; x_wconf 89' lang='lat' dir='ltr'><strong>describenda</strong></span> <span class='ocrx_word' id='word_1_78' title='bbox 484 1662 608 1749; x_wconf 88' lang='lat' dir='ltr'><strong>poetae</strong></span> <span class='ocrx_word' id='word_1_79' title='bbox 633 1651 874 1722; x_wconf 88' lang='lat' dir='ltr'><strong>consentiunt.</strong></span> <span class='ocrx_word' id='word_1_80' title='bbox 1276 1651 1279 1658; x_wconf 84' lang='lat'>&#39;</span> 
     </span>
    </p>

    <p class='ocr_par' dir='ltr' id='par_1_3' title="bbox 219 1750 1308 2530">
     <span class='ocr_line' id='line_1_13' title="bbox 305 1750 1308 1851; baseline 0.002 -28"><span class='ocrx_word' id='word_1_81' title='bbox 305 1751 424 1835; x_wconf 17' lang='lat' dir='ltr'><strong>,Haec</strong></span> <span class='ocrx_word' id='word_1_82' title='bbox 448 1754 481 1823; x_wconf 89' lang='lat' dir='ltr'><strong>si</strong></span> <span class='ocrx_word' id='word_1_83' title='bbox 503 1750 771 1851; x_wconf 78' lang='lat' dir='ltr'><strong>perpendimus,</strong></span> <span class='ocrx_word' id='word_1_84' title='bbox 799 1751 1032 1846; x_wconf 77' lang='lat' dir='ltr'><strong>nanciscitur,</strong></span> <span class='ocrx_word' id='word_1_85' title='bbox 1059 1754 1202 1850; x_wconf 92' lang='lat' dir='ltr'><strong>opinor,</strong></span> <span class='ocrx_word' id='word_1_86' title='bbox 1223 1778 1308 1827; x_wconf 84' lang='lat' dir='ltr'><strong>con·</strong></span> 
     </span>
     <span class='ocr_line' id='line_1_14' title="bbox 225 1851 1308 1952; baseline 0.003 -29"><span class='ocrx_word' id='word_1_87' title='bbox 225 1852 358 1923; x_wconf 88' lang='lat' dir='ltr'><strong>iectura</strong></span> <span class='ocrx_word' id='word_1_88' title='bbox 384 1878 484 1945; x_wconf 87' lang='lat' dir='ltr'><strong>mea,</strong></span> <span class='ocrx_word' id='word_1_89' title='bbox 528 1853 685 1952; x_wconf 72' lang='lat' dir='ltr'><strong>(iponem</strong></span> <span class='ocrx_word' id='word_1_90' title='bbox 712 1851 908 1926; x_wconf 80' lang='lat' dir='ltr'><strong>Stesichori</strong></span> <span class='ocrx_word' id='word_1_91' title='bbox 933 1878 1014 1924; x_wconf 90' lang='lat' dir='ltr'><strong>cum</strong></span> <span class='ocrx_word' id='word_1_92' title='bbox 1041 1852 1151 1927; x_wconf 90' lang='lat' dir='ltr'><strong>Scuto</strong></span> <span class='ocrx_word' id='word_1_93' title='bbox 1169 1853 1308 1929; x_wconf 83' lang='lat' dir='ltr'><strong>Hercu·</strong></span> 
     </span>
     <span class='ocr_line' id='line_1_15' title="bbox 224 1951 1307 2056; baseline 0.006 -34"><span class='ocrx_word' id='word_1_94' title='bbox 224 1951 270 2023; x_wconf 92' lang='lat' dir='ltr'><strong>lis</strong></span> <span class='ocrx_word' id='word_1_95' title='bbox 305 1955 467 2024; x_wconf 84' lang='lat' dir='ltr'><strong>maximis</strong></span> <span class='ocrx_word' id='word_1_96' title='bbox 501 1956 731 2028; x_wconf 89' lang='lat' dir='ltr'><strong>coniunctum</strong></span> <span class='ocrx_word' id='word_1_97' title='bbox 767 1953 879 2025; x_wconf 89' lang='lat' dir='ltr'><strong>l&#39;uisse</strong></span> <span class='ocrx_word' id='word_1_98' title='bbox 918 1953 1094 2043; x_wconf 78' lang='lat' dir='ltr'><strong>vinculis,</strong></span> <span class='ocrx_word' id='word_1_99' title='bbox 1151 1954 1307 2056; x_wconf 89' lang='lat' dir='ltr'><strong>aliquam</strong></span> 
     </span>
     <span class='ocr_line' id='line_1_16' title="bbox 223 2053 1308 2153; baseline 0.005 -30"><span class='ocrx_word' id='word_1_100' title='bbox 223 2053 532 2150; x_wconf 80' lang='lat' dir='ltr'><strong>probabilitatem,</strong></span> <span class='ocrx_word' id='word_1_101' title='bbox 565 2053 745 2153; x_wconf 86' lang='lat' dir='ltr'><strong>simulque</strong></span> <span class='ocrx_word' id='word_1_102' title='bbox 760 2057 847 2129; x_wconf 61' lang='lat' dir='ltr'><strong>beri</strong></span> <span class='ocrx_word' id='word_1_103' title='bbox 871 2055 1024 2127; x_wconf 84' lang='lat' dir='ltr'><strong>similius</strong></span> <span class='ocrx_word' id='word_1_104' title='bbox 1048 2055 1231 2149; x_wconf 89' lang='lat' dir='ltr'><strong>redditur,</strong></span> <span class='ocrx_word' id='word_1_105' title='bbox 1267 2058 1308 2128; x_wconf 92' lang='lat' dir='ltr'><strong>in</strong></span> 
     </span>
     <span class='ocr_line' id='line_1_17' title="bbox 223 2152 1308 2256; baseline 0.005 -31"><span class='ocrx_word' id='word_1_106' title='bbox 223 2152 360 2226; x_wconf 87' lang='lat' dir='ltr'><strong>scholio</strong></span> <span class='ocrx_word' id='word_1_107' title='bbox 395 2157 526 2241; x_wconf 77' lang='lat' dir='ltr'><strong>Aldino</strong></span> <span class='ocrx_word' id='word_1_108' title='bbox 551 2154 747 2230; x_wconf 81' lang='lat' dir='ltr'><strong>Stesichori</strong></span> <span class='ocrx_word' id='word_1_109' title='bbox 784 2180 916 2228; x_wconf 90' lang='lat' dir='ltr'><strong>nomeu</strong></span> <span class='ocrx_word' id='word_1_110' title='bbox 951 2183 1068 2256; x_wconf 91' lang='lat' dir='ltr'><strong>neque</strong></span> <span class='ocrx_word' id='word_1_111' title='bbox 1101 2169 1308 2256; x_wconf 89' lang='lat' dir='ltr'><strong>corruptum</strong></span> 
     </span>
     <span class='ocr_line' id='line_1_18' title="bbox 221 2255 1305 2356; baseline 0.004 -30"><span class='ocrx_word' id='word_1_112' title='bbox 221 2278 339 2353; x_wconf 88' lang='lat' dir='ltr'><strong>neque</strong></span> <span class='ocrx_word' id='word_1_113' title='bbox 374 2255 465 2329; x_wconf 81' lang='lat' dir='ltr'><strong>falso</strong></span> <span class='ocrx_word' id='word_1_114' title='bbox 496 2256 655 2329; x_wconf 89' lang='lat' dir='ltr'><strong>additum</strong></span> <span class='ocrx_word' id='word_1_115' title='bbox 689 2280 782 2328; x_wconf 87' lang='lat' dir='ltr'><strong>esse.</strong></span> <span class='ocrx_word' id='word_1_116' title='bbox 849 2256 957 2351; x_wconf 85' lang='lat' dir='ltr'><strong>Quod</strong></span> <span class='ocrx_word' id='word_1_117' title='bbox 990 2262 1022 2330; x_wconf 85' lang='lat' dir='ltr'><strong>si</strong></span> <span class='ocrx_word' id='word_1_118' title='bbox 1055 2262 1149 2332; x_wconf 89' lang='lat' dir='ltr'><strong>sumi</strong></span> <span class='ocrx_word' id='word_1_119' title='bbox 1173 2268 1305 2356; x_wconf 88' lang='lat' dir='ltr'><strong>potest,</strong></span> 
     </span>
     <span class='ocr_line' id='line_1_19' title="bbox 219 2355 1306 2459; baseline 0.006 -33"><span class='ocrx_word' id='word_1_120' title='bbox 219 2355 355 2429; x_wconf 88' lang='lat' dir='ltr'><strong>diutius</strong></span> <span class='ocrx_word' id='word_1_121' title='bbox 379 2368 473 2431; x_wconf 84' lang='lat' dir='ltr'><strong>ante</strong></span> <span class='ocrx_word' id='word_1_122' title='bbox 488 2356 792 2456; x_wconf 82' lang='lat' dir='ltr'><strong>quadragesimam</strong></span> <span class='ocrx_word' id='word_1_123' title='bbox 808 2358 1056 2459; x_wconf 68' lang='lat' dir='ltr'><strong>Olympiadem</strong></span> <span class='ocrx_word' id='word_1_124' title='bbox 1082 2386 1231 2450; x_wconf 47' lang='lat' dir='ltr'><strong>carmen,</strong></span> <span class='ocrx_word' id='word_1_125' title='bbox 1249 2383 1306 2434; x_wconf 92' lang='lat' dir='ltr'><strong>or·</strong></span> 
     </span>
     <span class='ocr_line' id='line_1_20' title="bbox 219 2461 633 2530; baseline 0 -2"><span class='ocrx_word' id='word_1_126' title='bbox 219 2467 295 2528; x_wconf 89' lang='lat' dir='ltr'><strong>tum</strong></span> <span class='ocrx_word' id='word_1_127' title='bbox 321 2461 369 2528; x_wconf 86' lang='lat' dir='ltr'><strong>sit</strong></span> <span class='ocrx_word' id='word_1_128' title='bbox 393 2482 539 2530; x_wconf 90' lang='lat' dir='ltr'><strong>necesse</strong></span> <span class='ocrx_word' id='word_1_129' title='bbox 565 2469 633 2530; x_wconf 83' lang='lat' dir='ltr'><strong>est.</strong></span> 
     </span>
    </p>

    <p class='ocr_par' dir='ltr' id='par_1_4' title="bbox 213 2555 1307 3669">
     <span class='ocr_line' id='line_1_21' title="bbox 322 2555 1306 2658; baseline 0.007 -30"><span class='ocrx_word' id='word_1_130' title='bbox 322 2555 431 2650; x_wconf 80' lang='lat' dir='ltr'><strong>Quod</strong></span> <span class='ocrx_word' id='word_1_131' title='bbox 455 2556 633 2657; x_wconf 89' lang='lat' dir='ltr'><strong>reliquum</strong></span> <span class='ocrx_word' id='word_1_132' title='bbox 660 2567 734 2650; x_wconf 87' lang='lat' dir='ltr'><strong>est,</strong></span> <span class='ocrx_word' id='word_1_133' title='bbox 787 2559 995 2658; x_wconf 88' lang='lat' dir='ltr'><strong>quicunque</strong></span> <span class='ocrx_word' id='word_1_134' title='bbox 1027 2583 1306 2635; x_wconf 86' lang='lat' dir='ltr'><strong>commemoran-</strong></span> 
     </span>
     <span class='ocr_line' id='line_1_22' title="bbox 219 2657 1307 2750; baseline 0.008 -23"><span class='ocrx_word' id='word_1_135' title='bbox 219 2664 279 2728; x_wconf 83' lang='lat' dir='ltr'><strong>tur</strong></span> <span class='ocrx_word' id='word_1_136' title='bbox 304 2657 452 2750; x_wconf 90' lang='lat' dir='ltr'><strong>heroes,</strong></span> <span class='ocrx_word' id='word_1_137' title='bbox 496 2658 653 2732; x_wconf 88' lang='lat' dir='ltr'><strong>indolem</strong></span> <span class='ocrx_word' id='word_1_138' title='bbox 674 2684 800 2733; x_wconf 87' lang='lat' dir='ltr'><strong>omnes</strong></span> <span class='ocrx_word' id='word_1_139' title='bbox 834 2670 870 2733; x_wconf 90' lang='lat' dir='ltr'><strong>et</strong></span> <span class='ocrx_word' id='word_1_140' title='bbox 910 2670 1073 2733; x_wconf 90' lang='lat' dir='ltr'><strong>naturam</strong></span> <span class='ocrx_word' id='word_1_141' title='bbox 1113 2661 1307 2736; x_wconf 87' lang='lat' dir='ltr'><strong>ostendunt</strong></span> 
     </span>
     <span class='ocr_line' id='line_1_23' title="bbox 219 2759 1304 2862; baseline 0.008 -36"><span class='ocrx_word' id='word_1_142' title='bbox 219 2783 303 2829; x_wconf 80' lang='lat' dir='ltr'><strong>rere</strong></span> <span class='ocrx_word' id='word_1_143' title='bbox 327 2759 565 2856; x_wconf 87' lang='lat' dir='ltr'><strong>praeclarum,</strong></span> <span class='ocrx_word' id='word_1_144' title='bbox 605 2786 696 2859; x_wconf 89' lang='lat' dir='ltr'><strong>quae</strong></span> <span class='ocrx_word' id='word_1_145' title='bbox 722 2773 862 2834; x_wconf 86' lang='lat' dir='ltr'><strong>utnon</strong></span> <span class='ocrx_word' id='word_1_146' title='bbox 886 2769 1005 2860; x_wconf 87' lang='lat' dir='ltr'><strong>potest</strong></span> <span class='ocrx_word' id='word_1_147' title='bbox 1029 2761 1208 2862; x_wconf 81' lang='lat' dir='ltr'><strong>legentem</strong></span> <span class='ocrx_word' id='word_1_148' title='bbox 1229 2788 1304 2836; x_wconf 91' lang='lat' dir='ltr'><strong>non</strong></span> 
     </span>
     <span class='ocr_line' id='line_1_24' title="bbox 218 2858 1304 2964; baseline 0.009 -36"><span class='ocrx_word' id='word_1_149' title='bbox 218 2858 378 2951; x_wconf 86' lang='lat' dir='ltr'><strong>allicere,</strong></span> <span class='ocrx_word' id='word_1_150' title='bbox 406 2862 455 2933; x_wconf 88' lang='lat' dir='ltr'><strong>ita</strong></span> <span class='ocrx_word' id='word_1_151' title='bbox 475 2863 713 2961; x_wconf 83' lang='lat' dir='ltr'><strong>antiquiorem</strong></span> <span class='ocrx_word' id='word_1_152' title='bbox 738 2887 890 2961; x_wconf 89' lang='lat' dir='ltr'><strong>praese</strong></span> <span class='ocrx_word' id='word_1_153' title='bbox 916 2861 987 2936; x_wconf 89' lang='lat' dir='ltr'><strong>l&#39;ert</strong></span> <span class='ocrx_word' id='word_1_154' title='bbox 1011 2866 1200 2964; x_wconf 84' lang='lat' dir='ltr'><strong>originem.</strong></span> <span class='ocrx_word' id='word_1_155' title='bbox 1247 2865 1304 2938; x_wconf 88' lang='lat' dir='ltr'><strong>Dc</strong></span> 
     </span>
     <span class='ocr_line' id='line_1_25' title="bbox 219 2960 1304 3056; baseline 0.008 -27"><span class='ocrx_word' id='word_1_156' title='bbox 219 2960 374 3034; x_wconf 87' lang='lat' dir='ltr'><strong>llereule</strong></span> <span class='ocrx_word' id='word_1_157' title='bbox 399 2965 467 3035; x_wconf 84' lang='lat' dir='ltr'><strong>ism</strong></span> <span class='ocrx_word' id='word_1_158' title='bbox 493 2962 670 3056; x_wconf 87' lang='lat' dir='ltr'><strong>diximus,</strong></span> <span class='ocrx_word' id='word_1_159' title='bbox 712 2965 815 3036; x_wconf 89' lang='lat' dir='ltr'><strong>cuius</strong></span> <span class='ocrx_word' id='word_1_160' title='bbox 840 2965 912 3035; x_wconf 79' lang='lat' dir='ltr'><strong>vita</strong></span> <span class='ocrx_word' id='word_1_161' title='bbox 939 2963 1035 3037; x_wconf 86' lang='lat' dir='ltr'><strong>lovis</strong></span> <span class='ocrx_word' id='word_1_162' title='bbox 1059 2967 1210 3038; x_wconf 86' lang='lat' dir='ltr'><strong>oonsilio</strong></span> <span class='ocrx_word' id='word_1_163' title='bbox 1235 2964 1304 3039; x_wconf 91' lang='lat' dir='ltr'><strong>diis</strong></span> 
     </span>
     <span class='ocr_line' id='line_1_26' title="bbox 217 3061 1302 3164; baseline 0.007 -32"><span class='ocrx_word' id='word_1_164' title='bbox 217 3061 494 3164; x_wconf 86' lang='lat' dir='ltr'><strong>hominibusque</strong></span> <span class='ocrx_word' id='word_1_165' title='bbox 519 3063 669 3137; x_wconf 86' lang='lat' dir='ltr'><strong>salutem</strong></span> <span class='ocrx_word' id='word_1_166' title='bbox 693 3076 805 3164; x_wconf 81' lang='lat' dir='ltr'><strong>perat.</strong></span> <span class='ocrx_word' id='word_1_167' title='bbox 860 3065 909 3136; x_wconf 89' lang='lat' dir='ltr'><strong>Ut</strong></span> <span class='ocrx_word' id='word_1_168' title='bbox 927 3062 1090 3138; x_wconf 88' lang='lat' dir='ltr'><strong>homines</strong></span> <span class='ocrx_word' id='word_1_169' title='bbox 1113 3066 1302 3140; x_wconf 88' lang='lat' dir='ltr'><strong>sceleratos</strong></span> 
     </span>
     <span class='ocr_line' id='line_1_27' title="bbox 216 3162 1302 3268; baseline 0.008 -35"><span class='ocrx_word' id='word_1_170' title='bbox 216 3162 362 3236; x_wconf 81' lang='lat' dir='ltr'><strong>odiost</strong></span> <span class='ocrx_word' id='word_1_171' title='bbox 386 3168 516 3257; x_wconf 86' lang='lat' dir='ltr'><strong>armis,</strong></span> <span class='ocrx_word' id='word_1_172' title='bbox 554 3167 603 3238; x_wconf 89' lang='lat' dir='ltr'><strong>ita</strong></span> <span class='ocrx_word' id='word_1_173' title='bbox 628 3168 707 3263; x_wconf 86' lang='lat' dir='ltr'><strong>pios</strong></span> <span class='ocrx_word' id='word_1_174' title='bbox 733 3189 853 3238; x_wconf 87' lang='lat' dir='ltr'><strong>amore</strong></span> <span class='ocrx_word' id='word_1_175' title='bbox 871 3170 1111 3268; x_wconf 89' lang='lat' dir='ltr'><strong>persequitur.</strong></span> <span class='ocrx_word' id='word_1_176' title='bbox 1166 3168 1302 3242; x_wconf 91' lang='lat' dir='ltr'><strong>lolaum</strong></span> 
     </span>
     <span class='ocr_line' id='line_1_28' title="bbox 216 3265 1301 3367; baseline 0.006 -33"><span class='ocrx_word' id='word_1_177' title='bbox 216 3267 312 3334; x_wconf 88' lang='lat' dir='ltr'><strong>enim</strong></span> <span class='ocrx_word' id='word_1_178' title='bbox 338 3277 442 3361; x_wconf 84' lang='lat' dir='ltr'><strong>poeta</strong></span> <span class='ocrx_word' id='word_1_179' title='bbox 468 3268 596 3339; x_wconf 89' lang='lat' dir='ltr'><strong>eximia</strong></span> <span class='ocrx_word' id='word_1_180' title='bbox 622 3265 726 3340; x_wconf 90' lang='lat' dir='ltr'><strong>laude</strong></span> <span class='ocrx_word' id='word_1_181' title='bbox 751 3268 958 3360; x_wconf 80' lang='lat' dir='ltr'><strong>exornavit,</strong></span> <span class='ocrx_word' id='word_1_182' title='bbox 997 3271 1060 3367; x_wconf 91' lang='lat' dir='ltr'><strong>qui</strong></span> <span class='ocrx_word' id='word_1_183' title='bbox 1086 3271 1202 3341; x_wconf 82' lang='lat' dir='ltr'><strong>virum</strong></span> <span class='ocrx_word' id='word_1_184' title='bbox 1228 3270 1301 3342; x_wconf 88' lang='lat' dir='ltr'><strong>sor·</strong></span> 
     </span>
     <span class='ocr_line' id='line_1_29' title="bbox 216 3366 1300 3467; baseline 0.007 -33"><span class='ocrx_word' id='word_1_185' title='bbox 216 3366 393 3436; x_wconf 89' lang='lat' dir='ltr'><strong>tissimum</strong></span> <span class='ocrx_word' id='word_1_186' title='bbox 419 3368 457 3438; x_wconf 91' lang='lat' dir='ltr'><strong>in</strong></span> <span class='ocrx_word' id='word_1_187' title='bbox 481 3367 735 3441; x_wconf 83' lang='lat' dir='ltr'><strong>certaminibus</strong></span> <span class='ocrx_word' id='word_1_188' title='bbox 761 3370 913 3441; x_wconf 84' lang='lat' dir='ltr'><strong>maxime</strong></span> <span class='ocrx_word' id='word_1_189' title='bbox 930 3369 1141 3466; x_wconf 87' lang='lat' dir='ltr'><strong>periculosis</strong></span> <span class='ocrx_word' id='word_1_190' title='bbox 1157 3376 1300 3467; x_wconf 86' lang='lat' dir='ltr'><strong>comito-</strong></span> 
     </span>
     <span class='ocr_line' id='line_1_30' title="bbox 216 3465 1299 3570; baseline 0.007 -34"><span class='ocrx_word' id='word_1_191' title='bbox 216 3478 296 3556; x_wconf 92' lang='lat' dir='ltr'><strong>tur,</strong></span> <span class='ocrx_word' id='word_1_192' title='bbox 339 3465 502 3559; x_wconf 84' lang='lat' dir='ltr'><strong>adiuvat,</strong></span> <span class='ocrx_word' id='word_1_193' title='bbox 548 3468 768 3542; x_wconf 84' lang='lat' dir='ltr'><strong>exhortatur.</strong></span> <span class='ocrx_word' id='word_1_194' title='bbox 847 3470 941 3542; x_wconf 85' lang='lat' dir='ltr'><strong>Tum</strong></span> <span class='ocrx_word' id='word_1_195' title='bbox 967 3472 1082 3570; x_wconf 75' lang='lat' dir='ltr'><strong>Ceyce</strong></span> <span class='ocrx_word' id='word_1_196' title='bbox 1108 3473 1190 3569; x_wconf 89' lang='lat' dir='ltr'><strong>quis</strong></span> <span class='ocrx_word' id='word_1_197' title='bbox 1220 3499 1299 3545; x_wconf 90' lang='lat' dir='ltr'><strong>esse</strong></span> 
     </span>
     <span class='ocr_line' id='line_1_31' title="bbox 213 3567 928 3669; baseline 0.006 -31"><span class='ocrx_word' id='word_1_198' title='bbox 213 3577 331 3663; x_wconf 89' lang='lat' dir='ltr'><strong>potest</strong></span> <span class='ocrx_word' id='word_1_199' title='bbox 345 3569 603 3666; x_wconf 83' lang='lat' dir='ltr'><strong>praestantiori</strong></span> <span class='ocrx_word' id='word_1_200' title='bbox 653 3598 707 3644; x_wconf 85' lang='lat' dir='ltr'><strong>vs.</strong></span> <span class='ocrx_word' id='word_1_201' title='bbox 732 3567 815 3642; x_wconf 74' lang='lat'><strong>554</strong></span> <span class='ocrx_word' id='word_1_202' title='bbox 840 3595 928 3669; x_wconf 61' lang='lat' dir='ltr'><strong>seq,</strong></span> 
     </span>
    </p>

    <p class='ocr_par' dir='ltr' id='par_1_5' title="bbox 541 3673 1067 3770">
     <span class='ocr_line' id='line_1_32' title="bbox 541 3673 1067 3770; baseline 0.004 -24"><span class='ocrx_word' id='word_1_203' title='bbox 541 3675 559 3746; x_wconf 90' lang='grc' dir='ltr'>ὁ</span> <span class='ocrx_word' id='word_1_204' title='bbox 589 3673 653 3770; x_wconf 68' lang='grc' dir='ltr'><strong>γὰρ</strong></span> <span class='ocrx_word' id='word_1_205' title='bbox 677 3674 813 3769; x_wconf 80' lang='grc' dir='ltr'><strong><em>δυνάμει</em></strong></span> <span class='ocrx_word' id='word_1_206' title='bbox 836 3704 871 3748; x_wconf 82' lang='grc' dir='ltr'><strong>τι</strong></span> <span class='ocrx_word' id='word_1_207' title='bbox 894 3685 949 3750; x_wconf 80' lang='grc' dir='ltr'><strong>καὶ</strong></span> <span class='ocrx_word' id='word_1_208' title='bbox 974 3676 1067 3749; x_wconf 76' lang='grc' dir='ltr'><strong><em>αἰδοῖ</em></strong></span> 
     </span>
    </p>

    <p class='ocr_par' dir='ltr' id='par_1_6' title="bbox 331 3771 841 3871">
     <span class='ocr_line' id='line_1_33' title="bbox 331 3771 841 3871; baseline 0.016 -29"><span class='ocrx_word' id='word_1_209' title='bbox 331 3779 487 3867; x_wconf 79' lang='grc' dir='ltr'><strong><em>Τρηχῖνος</em></strong></span> <span class='ocrx_word' id='word_1_210' title='bbox 511 3774 709 3871; x_wconf 73' lang='grc' dir='ltr'><strong><em>προβέβὴκε·</em></strong></span> <span class='ocrx_word' id='word_1_211' title='bbox 837 3771 841 3785; x_wconf 70' lang='lat'>&#39;</span> 
     </span>
    </p>

    <p class='ocr_par' dir='ltr' id='par_1_7' title="bbox 214 3864 1014 4075">
     <span class='ocr_line' id='line_1_34' title="bbox 214 3864 359 3940; baseline 0 0"><span class='ocrx_word' id='word_1_212' title='bbox 214 3879 250 3940; x_wconf 85' lang='lat' dir='ltr'><strong>ct</strong></span> <span class='ocrx_word' id='word_1_213' title='bbox 279 3864 359 3940; x_wconf 70' lang='lat'><strong>473</strong></span> 
     </span>
     <span class='ocr_line' id='line_1_35' title="bbox 542 3981 1014 4075; baseline 0.011 -25"><span class='ocrx_word' id='word_1_214' title='bbox 542 3981 716 4066; x_wconf 70' lang='lat' dir='ltr'><strong>nohldcd&#39;</strong></span> <span class='ocrx_word' id='word_1_215' title='bbox 744 3981 891 4075; x_wconf 75' lang='grc' dir='ltr'><strong>ἠγείρετο</strong></span> <span class='ocrx_word' id='word_1_216' title='bbox 918 3981 1014 4067; x_wconf 80' lang='grc' dir='ltr'><strong><em>λαός,</em></strong></span> 
     </span>
    </p>

    <p class='ocr_par' dir='ltr' id='par_1_8' title="bbox 322 4079 1239 4182">
     <span class='ocr_line' id='line_1_36' title="bbox 322 4079 1239 4182; baseline 0.015 -36"><span class='ocrx_word' id='word_1_217' title='bbox 322 4080 476 4168; x_wconf 79' lang='grc' dir='ltr'><strong><em>τιμῶντες</em></strong></span> <span class='ocrx_word' id='word_1_218' title='bbox 496 4079 630 4168; x_wconf 59' lang='lat' dir='ltr'><strong>Kalena,</strong></span> <span class='ocrx_word' id='word_1_219' title='bbox 668 4086 766 4181; x_wconf 77' lang='grc' dir='ltr'><strong><em>φίλον</em></strong></span> <span class='ocrx_word' id='word_1_220' title='bbox 789 4080 971 4176; x_wconf 81' lang='grc' dir='ltr'><strong><em>μακάρεσσι</em></strong></span> <span class='ocrx_word' id='word_1_221' title='bbox 995 4094 1138 4158; x_wconf 77' lang='grc' dir='ltr'><strong><em>θεοῖσιν.</em></strong></span> <span class='ocrx_word' id='word_1_222' title='bbox 1234 4164 1239 4182; x_wconf 57' lang='grc'><em>,</em></span> 
     </span>
    </p>

    <p class='ocr_par' dir='ltr' id='par_1_9' title="bbox 211 4174 1297 4586">
     <span class='ocr_line' id='line_1_37' title="bbox 289 4174 1297 4279; baseline 0.012 -35"><span class='ocrx_word' id='word_1_223' title='bbox 289 4174 396 4246; x_wconf 86' lang='lat' dir='ltr'><strong>Tanti</strong></span> <span class='ocrx_word' id='word_1_224' title='bbox 433 4177 529 4272; x_wconf 87' lang='lat' dir='ltr'><strong>regis</strong></span> <span class='ocrx_word' id='word_1_225' title='bbox 563 4179 673 4251; x_wconf 88' lang='lat' dir='ltr'><strong>liliam</strong></span> <span class='ocrx_word' id='word_1_226' title='bbox 710 4179 904 4277; x_wconf 86' lang='lat' dir='ltr'><strong>prudenter</strong></span> <span class='ocrx_word' id='word_1_227' title='bbox 933 4194 1034 4277; x_wconf 90' lang='lat' dir='ltr'><strong>poeta</strong></span> <span class='ocrx_word' id='word_1_228' title='bbox 1075 4182 1297 4279; x_wconf 81' lang='grc' dir='ltr'><strong><em>Θεμιστονόην</em></strong></span> 
     </span>
     <span class='ocr_line' id='line_1_38' title="bbox 211 4273 1292 4377; baseline 0.012 -36"><span class='ocrx_word' id='word_1_229' title='bbox 211 4277 361 4347; x_wconf 75' lang='lat' dir='ltr'><strong>vocavit.</strong></span> <span class='ocrx_word' id='word_1_230' title='bbox 416 4273 513 4367; x_wconf 85' lang='lat' dir='ltr'><strong>Quid</strong></span> <span class='ocrx_word' id='word_1_231' title='bbox 540 4277 651 4351; x_wconf 89' lang='lat' dir='ltr'><strong>dicam</strong></span> <span class='ocrx_word' id='word_1_232' title='bbox 680 4280 723 4353; x_wconf 93' lang='lat' dir='ltr'><strong>dc</strong></span> <span class='ocrx_word' id='word_1_233' title='bbox 735 4279 996 4377; x_wconf 84' lang='lat' dir='ltr'><strong>Amphitruone</strong></span> <span class='ocrx_word' id='word_1_234' title='bbox 1024 4296 1061 4355; x_wconf 88' lang='lat' dir='ltr'><strong>ct</strong></span> <span class='ocrx_word' id='word_1_235' title='bbox 1081 4286 1292 4373; x_wconf 85' lang='lat' dir='ltr'><strong>Alcumena,</strong></span> 
     </span>
     <span class='ocr_line' id='line_1_39' title="bbox 211 4374 1296 4469; baseline 0.011 -27"><span class='ocrx_word' id='word_1_236' title='bbox 211 4374 343 4469; x_wconf 81' lang='lat' dir='ltr'><strong>quibus</strong></span> <span class='ocrx_word' id='word_1_237' title='bbox 367 4374 589 4450; x_wconf 88' lang='lat' dir='ltr'><strong>celebrandis</strong></span> <span class='ocrx_word' id='word_1_238' title='bbox 619 4384 759 4454; x_wconf 91' lang='lat' dir='ltr'><strong>initium</strong></span> <span class='ocrx_word' id='word_1_239' title='bbox 785 4384 952 4455; x_wconf 85' lang='lat' dir='ltr'><strong>carminis</strong></span> <span class='ocrx_word' id='word_1_240' title='bbox 977 4382 1191 4460; x_wconf 91' lang='lat' dir='ltr'><strong>destinatum</strong></span> <span class='ocrx_word' id='word_1_241' title='bbox 1218 4386 1296 4457; x_wconf 82' lang='lat' dir='ltr'><strong>esti</strong></span> 
     </span>
     <span class='ocr_line' id='line_1_40' title="bbox 212 4477 1292 4586; baseline 0.012 -40"><span class='ocrx_word' id='word_1_242' title='bbox 212 4477 401 4551; x_wconf 77' lang='lat' dir='ltr'><strong>Creontem</strong></span> <span class='ocrx_word' id='word_1_243' title='bbox 433 4490 469 4550; x_wconf 90' lang='lat' dir='ltr'><strong>ct</strong></span> <span class='ocrx_word' id='word_1_244' title='bbox 495 4480 713 4580; x_wconf 78' lang='lat' dir='ltr'><strong>Heniochum</strong></span> <span class='ocrx_word' id='word_1_245' title='bbox 739 4483 849 4576; x_wconf 87' lang='lat' dir='ltr'><strong>adeo,</strong></span> <span class='ocrx_word' id='word_1_246' title='bbox 901 4511 992 4585; x_wconf 87' lang='lat' dir='ltr'><strong>quos</strong></span> <span class='ocrx_word' id='word_1_247' title='bbox 1026 4487 1135 4562; x_wconf 83' lang='lat' dir='ltr'><strong>verbo</strong></span> <span class='ocrx_word' id='word_1_248' title='bbox 1161 4488 1292 4586; x_wconf 76' lang='lat' dir='ltr'><strong>tetigit,</strong></span> 
     </span>
    </p>
   </div>
   <div class='ocr_carea' id='block_1_3' title="bbox 0 0 1526 5264">
    <p class='ocr_par' dir='ltr' id='par_1_10' title="bbox 0 0 1526 5264">
     <span class='ocr_line' id='line_1_41' title="bbox 0 0 1526 5264; baseline 0 7"><span class='ocrx_word' id='word_1_249' title='bbox 0 0 1526 5264; x_wconf 95' lang='lat' dir='ltr'><strong> </strong></span> 
     </span>
    </p>
   </div>
  </div>
 </body>
</html>
