3044 5264
153 412 160 420 ·
207 328 288 463 aaa
529 391 693 473 Annas
723 389 962 468 caanms.

209 623 282 670 uon
309 599 386 671 sine
416 595 522 680 laude
555 595 703 670 dimisit.
778 595 827 667 Et
858 604 899 666 ut
934 592 1025 664 nibil
1057 605 1294 691 praeteream,

209 701 351 797 Cycnus
380 702 505 790 etiam,
550 697 658 770 bomo
683 697 751 770 diis
776 694 1052 792 hominibusque
1077 697 1215 791 pariter
1241 697 1295 764 in·

209 803 328 892 visus,
373 812 492 872 tamen
527 825 684 873 summae
714 795 935 871 fortitudinis
971 795 1065 867 lama
1101 822 1176 868 non
1222 798 1294 892 pri·

145 950 151 975 0
210 914 312 973 vatus
338 913 405 974 est.

312 1004 438 1101 ltaque
466 1013 637 1100 quantum
663 1025 710 1074 ex
734 998 933 1072 tabularum
959 997 1079 1073 indole
1106 1008 1141 1070 et
1166 1007 1296 1070 tracta·

210 1106 308 1176 tione
340 1104 574 1204 intelligitur,
631 1102 778 1176 Scotum
815 1101 979 1173 Herculis
1015 1126 1085 1172 non
1122 1101 1297 1172 recentis·

212 1208 301 1276 sima
327 1216 439 1278 aetate
476 1233 496 1278 a
533 1203 737 1276 fraudatore
770 1205 891 1299 aliquo
925 1203 1180 1299 compositum,
1232 1199 1297 1271 scd

211 1309 383 1403 scriptum
409 1317 462 1378 cst
490 1317 571 1377 ante
595 1304 837 1378 Stesichorum
863 1310 1030 1402 aposta,
1060 1305 1201 1400 aliquo,
1233 1327 1296 1372 an·

212 1409 387 1506 {iquitatis
412 1433 520 1479 sensu
545 1432 627 1479 vere
657 1404 807 1478 imbuto.
1303 1483 1314 1494 ,

314 1507 464 1580 Genus
489 1519 606 1583 autem
629 1503 805 1579 dicendi
831 1533 904 1578 non
930 1505 1148 1578 adversatur.
1188 1503 1299 1597 Quod

214 1630 324 1706 quum
351 1609 547 1707 acqualiter
571 1607 616 1680 ab
633 1610 790 1679 Homero
812 1620 848 1681 et
864 1607 1019 1678 Hesiodo
1044 1605 1210 1704 pendeat,
1248 1619 1299 1676 ta-

213 1736 297 1783 men
319 1736 436 1808 neqne
458 1710 565 1782 buius
591 1710 787 1782 laevitatem
813 1720 849 1782 et
873 1708 976 1781 dulce
997 1709 1145 1798 flumen,
1181 1733 1300 1803 nequo

212 1810 313 1883 illius
346 1812 602 1908 perfectionem
638 1822 896 1906 consequutum
928 1823 1005 1897 est,
1058 1809 1122 1880 sed
1156 1812 1301 1903 saepius

77 1980 82 1994 ,
217 1939 323 2010 qnam
356 1912 506 1985 Hesiodi
538 1914 651 1984 oratio
686 1914 865 2009 assurgit,
908 1923 943 1982 ct
979 1912 1088 1982 niuno
1120 1908 1300 1980 interdum

216 2014 449 2111 quaesitoque
476 2023 603 2086 ornatu
617 2013 767 2104 Homeq'
792 2014 992 2108 exemplum
1019 2010 1203 2108 relinquit.
1251 2014 1302 2083 At

215 2114 301 2187 licet
324 2113 516 2188 descivisse
541 2114 608 2186 bac
641 2116 698 2185 via
724 2115 816 2186 bane
840 2115 931 2210 epici
956 2113 1123 2184 carminis
1153 2123 1301 2183 aetatem

216 2213 261 2284 ab
286 2218 432 2311 antiqua
456 2214 683 2310 simplicitate
709 2214 950 2285 confitendum
976 2216 1043 2303 sit,
1081 2225 1198 2284 tamen
1229 2217 1302 2284 vir·

217 2311 355 2386 talibus
380 2318 486 2386 etiam
503 2313 688 2410 splendet,
717 2312 848 2409 quibus
872 2315 929 2385 vel
943 2312 1183 2410 probatissimi
1193 2315 1306 2405 Grae,

220 2440 341 2485 corum
368 2427 492 2512 poetae
513 2416 565 2487 uti
588 2416 804 2512 posuissent.
859 2415 1170 2512 Comparationum
1190 2428 1306 2489 exstat

221 2517 343 2612 copia,
384 2543 475 2616 quac
501 2518 663 2614 singulae
690 2515 949 2612 pulcherrimae
967 2519 1090 2613 reique
1111 2542 1217 2614 quam
1243 2517 1306 2589 de·

220 2615 383 2689 scribunt
406 2617 801 2709 accommodatissime,
829 2615 994 2690 omnibus
1013 2617 1207 2713 placerent,
1234 2622 1306 2691 nisi

221 2718 329 2789 altera
347 2718 493 2791 alteram
512 2720 764 2814 opprimerent.
820 2717 1063 2816 Quaecunque
1081 2731 1183 2815 pocta
1203 2746 1307 2790 enar-

221 2832 277 2891 rat
300 2819 358 2890 vel
377 2820 567 2910 describit,
597 2818 750 2889 dilucida
777 2819 986 2917 plerumque
1005 2832 1041 2891 et
1059 2821 1222 2916 copiosa,
1250 2824 1307 2891 in·

223 2919 361 2992 terdnm
384 2924 593 2993 vehemente
620 2918 761 2989 dicendi
788 2924 925 2993 ratione
948 2933 1132 3010 ornantur,
1159 2947 1225 2994 nec
1249 2922 1307 2992 ln·

224 3022 303 3093 cido
329 3034 452 3094 carent
474 3021 613 3094 ordine.
668 3020 840 3118 Exemplo
866 3048 943 3093 esse
969 3034 1085 3117 potest
1100 3024 1221 3094 Persei
1245 3025 1306 3094 ln·

223 3125 354 3220 gicntis
379 3127 516 3221 imago,
543 3118 793 3211 HIS-256,
832 3150 922 3221 quae
949 3134 1017 3192 tam
1042 3123 1220 3218 praeclare
1245 3124 1309 3196 dc-

224 3227 354 3318 scripta
390 3235 463 3314 cst,
515 3235 554 3293 ut
587 3225 648 3294 vix
684 3226 840 3320 cogitare
873 3224 1049 3319 possimus
1080 3226 1308 3320 perfectiora.

224 3326 279 3395 De
301 3326 494 3396 numeris
520 3325 636 3419 epici
662 3326 821 3394 versus
842 3324 929 3421 quid
951 3325 1079 3395 multa?
1116 3324 1311 3423 dequibus

226 3427 470 3514 llcrmannns,
498 3426 598 3495 testis
616 3423 934 3519 locupletissimus,
962 3426 1009 3494 ita
1033 3425 1307 3524 disserit0rpb.

224 3524 366 3623 p-bill.
429 3525 612 3621 »chnnta
641 3528 730 3596 banc
755 3537 901 3597 aetatem
929 3525 1190 3629 (Homericam)
1220 3528 1308 3620 alia,

226 3654 332 3723 qnam
344 3624 611 3697 Homeridarum
628 3625 685 3697 vel
702 3624 957 3720 rliapsodornm
975 3626 1247 3724 appellabimus.
1259 3675 1311 3685 -

226 3729 344 3798 Huius
371 3730 512 3826 gesseris
546 3738 632 3796 tum
662 3726 821 3796 lliadis
852 3739 896 3798 et
927 3727 1150 3825 Odysseae
1182 3757 1311 3826 quac-

227 3829 318 3898 dam
342 3839 487 3925 partes
510 3838 631 3915 sunt,
669 3838 744 3896 tum
762 3828 894 3924 Hymni
920 3831 1112 3918 Homerici,
1131 3872 1179 3884 -—
1206 3834 1313 3905 item

228 3929 405 4002 Scutum
431 3926 659 4020 Hcrculis,
700 3928 854 4002 Hesiodo
876 3929 1134 4029 adscriptum·

637 4138 916 4163 ...Λ-Ἢ-
