3044 5264
389 408 478 495 rto·
669 425 946 510 APPARA'I'US
974 428 1199 514 salutetis
1230 364 1232 368 >

490 630 529 708 i.
575 634 629 714 Ἢ
650 633 721 738 οἵη]
759 637 886 710 Varias
913 636 1133 734 corruptelas
1157 633 1267 709 babet
1294 636 1477 732 inlibris,

388 735 485 810 uude
509 749 626 812 tamen
649 738 740 811 nibil
766 739 854 810 disci
880 749 1017 836 potest,
1057 751 1097 810 ut
1121 740 1159 810 in
1180 740 1220 810 F.
1257 741 1312 828 οἵη
1336 749 1371 816 δὲ
1395 773 1479 838 προ-

233 890 236 897 .
386 849 548 925 λιποῦσα,
595 839 836 938 superscripto
871 849 925 925 δὲ,
983 836 1045 911 ubi
1082 849 1117 915 δὲ
1157 849 1213 912 est
1250 845 1477 932 correctoris,

387 967 498 1040 quum
523 938 658 1039 syllaba
683 943 804 1014 versui
829 939 986 1030 deesset,
1025 953 1127 1014 antea
1155 951 1195 1013 ut
1221 942 1331 1025 minio
1356 934 1480 1041 expie-

386 1053 487 1117 retur
508 1045 652 1115 omissa.
715 1041 788 1117 Sed
813 1040 864 1115 ibi
898 1041 951 1136 (in
978 1042 1039 1139 F.)
1074 1049 1101 1118 0
1135 1051 1302 1140 tauquam
1339 1045 1479 1118 initiale

385 1141 497 1215 rubro
521 1145 654 1240 pictum
680 1154 747 1215 est.
780 1141 922 1215 Wolf.
986 1142 1278 1215 Enarratores
1310 1149 1479 1217 carminis

255 1298 258 1302 ‚
386 1245 522 1334 nostri,
565 1246 628 1343 qui
654 1255 870 1342 supersunt,
909 1232 1032 1316 omnis
1058 1246 1192 1342 primos
1217 1245 1325 1318 hosce
1350 1272 1477 1335 persus

386 1368 460 1423 nou
486 1342 589 1417 aliter
613 1347 922 1444 interpretantur,
963 1348 1061 1419 acsi
1095 1366 1218 1420 verum
1249 1346 1321 1418 sibi
1354 1347 1477 1448 legere

385 1449 455 1521 risi
480 1456 600 1520 essent
624 1458 660 1520 et
683 1448 882 1545 legitimum
910 1437 1104 1546 singularis
1129 1445 1281 1519 alicuius
1307 1450 1475 1522 carminis

386 1549 550 1643 initium3
600 1541 744 1620 aliunde
777 1540 913 1648 aliquid
956 1548 1148 1645 petendum
1186 1559 1222 1620 et
1258 1551 1474 1646 cogitatione

386 1640 587 1722 addendum
615 1667 716 1737 esse,
757 1674 861 1748 quam
886 1649 979 1722 riam
1012 1650 1227 1723 recentiores
1261 1652 1475 1748 interpretes

385 1761 467 1849 post
492 1750 670 1822 Clericum
704 1751 884 1842 inierunt,
935 1775 1006 1822 uon
1042 1741 1310 1842 intellexerant3
1356 1777 1476 1851 nequo

385 1850 537 1924 advertit
573 1850 654 1923 iilos
688 1850 852 1949 quidem,
911 1850 1006 1950 quod
1043 1877 1168 1922 sersus
1211 1854 1475 1951 quinquaginta

385 1978 449 2025 sex
475 1979 519 2024 ex
544 1951 652 2024 Eoeis
677 1953 779 2048 petiti
806 1974 884 2024 esse
910 1951 1112 2023 traduntur.
1173 1943 1280 2025 Unde
1307 1950 1471 2053 colligas,

335 2132 337 2136 .
385 2054 482 2151 ipsos
502 2055 673 2124 Eoearum
702 2050 813 2124 libros
839 2055 1022 2124 incorum
1049 2077 1174 2124 manus
1202 2080 1383 2151 nunquam
1412 2081 1472 2128 ve·

385 2156 495 2225 nisse.
550 2150 712 2224 Ceterum
750 2155 771 2243 η’
809 2156 862 2242 οἵη
895 2155 1083 2252 legerunt,
1118 2157 1238 2244 nonii
1270 2159 1337 2245 oin,
1355 2156 1489 2254 qood.

385 2252 532 2326 exhibet
558 2253 685 2325 lemma
713 2253 839 2348 Mon.;
879 2265 1060 2353 praeterea
1084 2280 1192 2325 uuum
1220 2255 1307 2327 iliud
1340 2291 1361 2347 η
1385 2289 1472 2357 παρ-

384 2366 510 2430 ἕλκεται
544 2356 582 2425 in
617 2355 744 2426 sehoil.
780 2356 881 2425 ans.
913 2350 1169 2427 dubitationem
1206 2369 1346 2447 movet,
1394 2358 1464 2429 cir.

384 2483 423 2554 p.
445 2453 500 2526 25
520 2466 557 2528 et
577 2451 644 2527 85.
698 2456 742 2526 ln
767 2451 892 2527 vocuia
918 2458 972 2545 oin
1005 2454 1040 2527 d.
1078 2482 1098 2527 a
1128 2455 1276 2556 reliquis
1303 2457 1470 2531 omnibus

386 2556 553 2647 dissidet,
600 2555 662 2627 nbi
689 2560 745 2631 οἵα
770 2555 902 2655 iegitur
926 2567 963 2629 et
994 2555 1097 2629 exie
1124 2557 1204 2629 ibus
1230 2561 1469 2656 grammaticis

386 2661 603 2756 explicatur3
648 2659 696 2729 ita
731 2660 873 2754 saepius
906 2656 1065 2758 vulgaris
1098 2584 1271 2756 ioquendi
1305 2662 1395 2733 ratio
1431 2662 1469 2731 in

384 2757 546 2856 exempla
571 2757 679 2830 buius
714 2761 880 2836 carminis
911 2761 1066 2856 irrepsit.
1145 2758 1271 2831 Libri
1307 2754 1470 2859 scripti

384 2859 471 2960 quid
498 2859 709 2951 exhibeant,
743 2887 813 2933 uon
839 2887 979 2956 semper
1013 2872 1175 2932 accurate
1206 2872 1363 2933 notatum
1398 2872 1465 2935 est.

383 2974 424 3037 H
446 2965 500 3051 οἵη
526 2963 596 3053 C.,
634 2965 683 3033 ita
710 2974 751 3032 ut
776 2963 888 3058 prima
914 2964 1030 3033 littera
1057 2964 1135 3032 sine
1160 2975 1308 3034 accentu
1335 2975 1371 3034 et
1396 2966 1468 3058 spi·

285 3061 287 3065 ’
383 3066 455 3134 ritu
482 3061 712 3154 exhibeatur,
740 3088 807 3133 nec
832 3064 942 3154 scias,
971 3073 1090 3132 utrum
1117 3063 1156 3151 ἡ,
1183 3088 1228 3132 an
1249 3067 1273 3154 ἢ
1297 3062 1465 3135 voluerit.

383 3161 513 3234 Eadem
538 3165 629 3234 ratio
651 3189 709 3260 ap.
734 3161 817 3233 Ald.
845 3207 896 3218 -
945 3165 967 3254 ἡ
995 3166 1048 3251 οἵη
1073 3161 1187 3234 ABs
1213 3176 1248 3235 et
1273 3163 1353 3237 eod.
1382 3167 1465 3235 Par.

382 3259 510 3354 2678,
565 3262 662 3360 quod
695 3289 790 3335 unus
826 3265 917 3361 Rog.
951 3266 1106 3360 recepit,
1151 3265 1367 3337 transferens
1406 3269 1468 3338 itte

383 3362 443 3435 »0
468 3361 626 3461 qualine
664 3362 761 3463 quod
786 3385 831 3436 ex
863 3364 973 3436 Basil.
1003 3364 1109 3436 »Heu
1131 3365 1273 3462 qualis·
1306 3366 1466 3438 retinxit.

382 3467 441 3563 (ln
467 3465 512 3536 B.
546 3465 556 3490 ‘
591 3466 645 3555 υῗη
669 3466 787 3536 littera
809 3467 922 3562 prima
948 3467 1076 3539 omissa
1103 3478 1139 3538 et
1173 3468 1467 3563 interpretatione

380 3567 477 3640 inter
516 3590 642 3638 versus
685 3564 804 3637 addita
849 3568 1032 3662 θαυμαστή
1070 3577 1105 3638 et
1140 3565 1208 3639 alia
1245 3590 1351 3638 manu
1389 3572 1412 3660 ἢ
1445 3571 1466 3660 ἡ

381 3667 510 3768 ὁποῖα.)
533 3705 583 3722 -·
632 3676 734 3756 noir,
755 3668 827 3760 lb,
863 3666 960 3766 quod
977 3669 1100 3740 Trino.
1130 3669 1262 3764 recepit
1280 3669 1466 3740 Wassius·

382 3795 453 3867 que
487 3778 524 3842 et
556 3767 787 3840 Robinsonns
849 3767 1038 3858 robarunt,
1093 3769 1199 3858 ἡοῖη
1246 3767 1326 3839 ilia
1371 3773 1466 3842 suia

380 3871 621 3966 interpretati,
676 3866 745 3941 cir.
786 3795 923 3942 Obsrr.
963 3868 1117 3941 Misceli.
1162 3869 1235 3941 vol.
1259 3865 1341 3956 111,
1381 3882 1407 3942 t.
1431 3871 1464 3957 l,

378 3966 501 4065 pot.
525 4016 576 4029 -
625 3973 680 4059 ota
704 3977 739 4044 ra
763 3972 803 4043 F.
827 4014 878 4025 -
928 3983 1003 4059 rot,
1028 3970 1058 4041 t.
1079 3970 1131 4041 Μ.
1170 3982 1210 4041 ur
1243 3972 1281 4041 tn
1316 3968 1464 4041 tanet

380 4070 481 4140 Fert.
510 4061 682 4143 [tenenat.
746 4071 789 4141 ln
826 4067 926 4142 let
961 4086 1030 4161 οιή,
1077 4070 1141 4143 sed
1176 4073 1290 4170 spatio
1321 4074 1463 4166 relicto,

379 4166 444 4242 ubi
464 4171 580 4243 littera
605 4173 720 4267 prima
744 4171 973 4245 scriberetur.

395 4329 399 4335 .
478 4270 776 4368 Antiquiores
795 4284 912 4347 autem
934 4284 1075 4346 testes
1093 4273 1123 4344 si
1144 4274 1463 4372 circumspicimus,

378 4371 515 4469 primus
547 4394 585 4443 se
617 4373 722 4445 offert
752 4373 852 4447 iocus
891 4399 936 4447 ex
969 4370 1097 4446 soboli.
1127 4374 1247 4447 Vena.
1283 4374 1329 4447 ad
1360 4373 1406 4445 ll.
1435 4408 1465 4462 τ,

378 4469 482 4567 452,
527 4496 565 4570 ρ,
589 4464 693 4564 527,
723 4469 781 4546 50
814 4473 927 4547 Betk.
964 4473 1028 4546 ubi
1063 4476 1100 4545 in
1134 4474 1214 4547 cod.
1242 4476 1277 4546 Α
1312 4477 1465 4576 legimus
