3044 5264
418 407 639 484 musmo
670 402 875 520 acuum
1075 432 1078 440 ·
1115 395 1197 476 aaa

68 595 70 604 η
110 620 221 692 mium
248 627 420 718 quantum
446 605 620 687 recessit(
658 607 1195 709 Multapossnutrepreheufflr

110 722 176 796 scd
201 720 292 796 nibil
318 730 394 810 est,
437 715 536 820 quod
559 717 647 833 iure
663 712 1089 812 temerariuntsppelles.
1159 736 1188 835 ;·.Ι

492 1058 629 1169 ἓ
673 1056 746 1137 ᾖ·
810 1038 858 1089 τ’,
919 1142 924 1157 1

171 1264 175 1271 ’
313 1260 531 1375 lrultatlo'¹
544 1256 730 1327 nomer!
759 1259 809 1325 ln
835 1258 999 1327 verbis.
1074 1260 1104 1373 js
1160 1262 1189 1301 ·²

212 1424 401 1497 Difficilior
429 1437 484 1496 est
507 1426 669 1523 quaestio
688 1423 731 1496 de
754 1450 797 1496 eo
820 1423 1028 1497 imitationis
1052 1442 1200 1521 genere,

113 1526 211 1628 quod
252 1529 289 1599 iu
331 1526 510 1599 dicendi
546 1529 719 1599 ratione
761 1528 933 1598 cernitur.
1013 1524 1058 1594 ln
1094 1520 1228 1615 rebus,

112 1632 208 1703 enim
234 1627 461 1701 inveniendis
487 1629 524 1699 si·
551 1630 633 1725 quis
658 1630 846 1701 eximium.
863 1654 943 1700 sese
968 1625 1202 1725 praestiterit,

111 1730 205 1804 nibil
234 1741 288 1803 est
322 1729 521 1825 simplicius
555 1729 790 1830 plerumque,
844 1739 953 1828 quam
989 1737 1205 1802 sectatorum

111 1833 256 1907 illorum
279 1829 505 1903 sedulitatem
529 1830 733 1930 detegere„
765 1832 830 1931 qui
852 1834 1001 1903 inventa
1028 1828 1205 1903 ciceastre

111 1932 297 2008 commode
324 1935 400 2004 sive
425 1934 505 2005 sine
530 1932 666 2007 indicio
689 1933 737 2005 arl
761 1939 1081 2030 partes·vucaruut
1105 1927 1208 2009 elain

113 2062 177 2109 sua
204 2037 361 2107 carmina
393 2032 624 2107 derivarunt.⁴
691 2038 739 2107 At
771 2061 855 2107 vero
881 2037 920 2106 in
947 2033 1104 2106 dictione
1131 2029 1208 2103 lle'·

112 2162 210 2209 mero
237 2133 450 2208 vindicanda
475 2163 604 2235 magne
630 2140 748 2210 cantio
765 2134 965 2208 adhibenda
988 2147 1055 2208 est.
1110 2133 1208 2207 Nam

111 2241 266 2337 primam
293 2239 490 2336 ingenuum
516 2237 696 2335 quoddam
721 2241 827 2337 quasi
844 2239 1057 2310 imitationis·
1072 2260 1203 2335 genuus

109 2342 215 2413 cuius
251 2340 382 2411 summi
426 2338 890 2436 poetaezllraceorumad
925 2365 1037 2411 unum
1061 2342 1206 2410 emese

111 2442 303 2540 participes
330 2440 452 2531 suere,
501 2466 524 2510 a
552 2443 651 2534 turpi
675 2452 732 2512 est
763 2452 812 2511 et.
832 2439 1042 2511 detestabili·
1058 2438 1130 2512 illo:
1147 2462 1206 2513 sc·

111 2540 354 2630 cernendum,
417 2564 490 2637 quo
529 2542 612 2636 quis
651 2567 697 2611 ex
742 2542 941 2612 Homericis
983 2540 1205 2613 carminibus

112 2643 269 2738 pessimo
294 2643 458 2736 exemplo
483 2640 654 2712 luraoiter
678 2667 742 2712 sua
769 2643 887 2711 omnia
914 2640 1098 2714 describit.
1143 2640 1203 2714 dl·

111 2742 178 2817 lud
201 2744 299 2813 enim
325 2740 388 2813 ubi
414 2741 734 2839 deprehendimus,
778 2741 881 2813 ¹nulli
910 2754 973 2814 est
1008 2741 1203 2839 repreben-

111 2844 207 2920 sioni
232 2842 352 2936 locus3
404 2842 473 2915 boc
506 2845 582 2943 qei-
602 2846 658 2914 usi
691 2852 795 2935 suut,
845 2845 984 2943 ingenii
1007 2842 1203 2916 imbecilli·

112 2959 221 3018 tatem
248 2945 522 3044 tarditatemque
556 2943 688 3016 illustri
720 2945 946 3044 quadamiu
979 2944 1060 3018 lube
1093 2944 1202 3037 collo·

111 3058 251 3122 carnut.
306 3047 446 3119 Deinde
463 3072 549 3119 vero
568 3048 679 3119 luisse
702 3048 868 3120 novimus
889 3059 1020 3120 certam
1046 3044 1203 3144 aliquam

111 3162 262 3222 aetatem
290 3150 533 3237 Graecorum,
582 3174 654 3247 qua
689 3151 865 3221 sermonis
900 3174 1024 3221 eorum
1063 3148 1203 3220 indoles

111 3249 250 3346 ubique
270 3248 392 3321 eadem
415 3248 582 3322 omnibus
599 3254 638 3322 in
659 3250 880 3323 carminibus
896 3249 1060 3349 rigebat:
1092 3266 1202 3348 quare

112 3351 314 3449 gravissimi
340 3352 512 3423 momenti
538 3364 615 3444 est,
660 3353 858 3425 imitatores
882 3354 962 3426 eins
986 3353 1033 3422 ab
1058 3353 1104 3422 iis
1130 3351 1202 3422 dis·

112 3476 281 3543 cernere,
340 3454 404 3550 qui
448 3453 520 3549 ipsi
561 3453 634 3526 illis
680 3453 910 3551 temporibus.
942 3452 1214 3549 iuterfueruut.,

112 3551 247 3623 »Aliud
269 3554 365 3625 enim
391 3563 493 3644 est«,
536 3567 577 3626 nt
593 3555 825 3628 Heinriebius
845 3553 1025 3652 praeclare
1046 3555 1201 3644 monuit,

112 3680 360 3726 »communem
385 3667 501 3727 certae
522 3658 629 3729 aetati
651 3683 800 3754 poeseos
825 3655 982 3729 indolem
1008 3680 1050 3727 ac
1073 3676 1202 3727 sonum

111 3757 272 3846 reterre,
307 3767 342 3828 et
364 3756 467 3854 quasi
492 3758 531 3828 in
556 3756 677 3855 patulo
702 3757 902 3831 artis-Jorbe
920 3757 1075 3847 versari,
1102 3753 1202 3827 aliud

112 3855 271 3928 studiose
295 3857 451 3929 imitari«
492 3858 560 3930 cfr·
582 3862 752 3959 Prolegg.
773 3856 961 3958 p-LVlll.
1016 3856 1105 3930 lude
1132 3858 1201 3954 igi·

112 3956 173 4030 tur
210 3957 351 4029 videtur
385 3960 552 4030 carminis
587 3958 695 4032 buius
732 3961 889 4060 dignitas
920 3972 995 4033 tcta
1024 3958 1198 4056 pendere.

112 4058 366 4153 Quaerendum
385 4069 452 4148 est,
479 4070 599 4131 utrum
617 4073 741 4133 auctor
756 4065 833 4134 eius
853 4074 1011 4159 tempore
1030 4061 1202 4135 recentis·

111 4163 202 4234 simo
219 4161 362 4251 vixerit,
394 4159 554 4259 undique
569 4160 677 4234 llores
696 4174 732 4235 et
753 4188 844 4261 quae
860 4167 1039 4237 usui-esse
1055 4172 1203 4260 possent

111 4263 301 4335 corroserit
321 4273 358 4334 et
385 4262 507 4333 lucum
532 4261 768 4362 fraudemque
794 4263 911 4338 facere
940 4264 1112 4336 voluerit:
1154 4289 1202 4334 an

111 4365 230 4460 potius
256 4365 369 4463 possit
394 4365 509 4460 poetis
543 4367 743 4459 accenseri,
789 4368 852 4464 qui
878 4364 923 4436 ab
942 4366 1099 4437 Homero
1126 4364 1201 4460 apti

110 4463 280 4563 quidem,
329 4462 395 4540 sed
424 4462 557 4547 iudicio
588 4464 724 4573 ubique
755 4464 992 4569 aequabiliter
1020 4463 1199 4555 adbibita,
