3044 5264
553 393 783 472 conanus
825 395 997 473 ouon..
1113 488 1117 495 .
1235 393 1349 481 sor.

228 603 344 678 colem
362 608 495 674 'serum
526 608 604 675 esse
628 600 844 675 Thebanum
867 601 1088 700 putandum,
1136 606 1206 682 cfr.
1241 607 1313 687 Od·

225 705 392 780 llluclleri
440 704 548 776 Dorr'.
576 706 615 796 l,
655 733 689 801 p.
721 699 814 780 429.

326 806 512 879 Accedunt
533 806 617 897 alia,
650 832 741 904 quae
763 803 921 877 breviter
944 805 1125 882 indicabo.
1178 810 1324 885 lolanm:

226 912 322 986 onim
348 908 590 983 etfleroulom
609 919 650 980 ut
672 907 744 991 laoc
767 909 806 978 in
831 911 1023 984 certamino
1044 936 1162 983 rerum
1190 940 1316 1011 geren·

227 1012 352 1086 darum
390 1013 506 1084 socios
540 1009 721 1101 videmus,
776 1011 826 1081 ita
853 1008 988 1082 Thebis
1024 1025 1106 1085 ante
1132 1014 1317 1088 Proetides

226 1125 347 1210 portas
383 1111 459 1184 ludi
496 1110 788 1202 celebrabantur,
838 1123 913 1182 tum
949 1111 994 1185 ab
1028 1114 1184 1187 Hercule
1207 1118 1317 1209 Ἡρά-

226 1227 331 1300 κλεια,
378 1227 454 1285 illm
480 1214 526 1286 dli
556 1213 653 1286 ¹0l80
678 1215 816 1288 Ἰολάεια
841 1213 1029 1310 appelldll,
1079 1217 1323 1316 a'Apupnpv'w..

208 1350 285 1404 ,νος
314 1317 442 1412 ἀγλαὸν
472 1319 564 1412 παρὰ
597 1324 764 1408 scudom-
806 1314 873 1385 cir.
908 1315 1065 1388 Boecklr.
1100 1331 1136 1390 et
1168 1320 1311 1402 Dissen,

228 1417 333 1515 Erpl.
362 1417 405 1489 ad
432 1418 536 1496 Pind.
565 1445 604 1514 p.
623 1413 702 1486 175
724 1426 760 1487 et
781 1411 875 1487 285.
930 1418 1009 1491 ,Ἐν
1035 1429 1069 1493 53
1090 1423 1242 1514 cistas,-
1267 1422 1319 1493 ait

229 1520 333 1590 Piud.
365 1519 491 1591 lslhm.
522 1518 578 1609 V,
606 1514 664 1588 40
708 1519 896 1604 »ἱπποσόας
928 1520 1053 1606 Ἰόλαος
1087 1532 1186 1618 γέρας
1219 1534 1318 1618 ἔχεως

229 1620 369 1693 Deinde
406 1619 493 1692 urbs
527 1621 714 1706 έπτάπυλος
754 1620 850 1691 inter
882 1618 983 1691 Senti
1018 1623 1215 1719 imagines,
1272 1622 1317 1695 do

176 1799 178 1803 ,
231 1732 306 1821 qua‘
333 1748 440 1818 supra
471 1722 627 1793 diximus
637 1749 648 1815 3
701 1746 768 1793 uec
803 1719 971 1794 tibiarum
1015 1726 1315 1814 commemoratio,

231 1820 513 1922 vs.281scqq·
559 1823 675 1895 aliena
697 1834 774 1915 est,
819 1848 969 1920 quarum
998 1848 1085 1895 usus
1108 1823 1204 1920 apud
1221 1824 1318 1895 The·

230 1924 343 1997 banos
372 1926 697 2023 frequentissimus.
771 1924 937 2022 Denique
971 1924 1061 1996 illud
1096 1928 1201 1996 etiam
1236 1951 1323 1998 com

230 2024 339 2098 rebus
366 2027 549 2098 Thebanis
575 2025 760 2117 cohaeret,
799 2025 897 2125 quod
921 2052 1040 2125 pogna
1067 2029 1232 2098 universa
1252 2051 1318 2123 pro

232 2127 400 2225 Apolline
426 2128 602 2225 Delphico
638 2137 804 2223 suscepta
841 2138 895 2199 est
927 2138 962 2199 et
992 2127 1036 2198 ad
1069 2150 1130 2199 cos
1156 2126 1320 2200 homines

231 2232 405 2327 pertinet,
455 2233 519 2328 qui
554 2229 612 2300 dei
645 2228 786 2300 colendi
811 2254 934 2302 caussa
962 2229 1048 2300 illuc
1079 2255 1118 2301 se
1155 2228 1319 2301 conlerre

232 2330 447 2427 cupiebant,
491 2332 561 2402 cfr.
589 2326 692 2421 479,
721 2325 807 2400 480
850 2341 886 2402 et
917 2329 1084 2403 Mueller.
1126 2330 1235 2402 llorr.
1265 2330 1318 2422 ll,

231 2458 270 2529 p.
294 2427 377 2501 tlt
399 2457 502 2528 seqq.
584 2431 669 2500 Nou
704 2454 962 2527 commemoro,
1013 2442 1152 2526 poetam
1184 2430 1320 2503 Creon·

234 2534 281 2601 tis
313 2542 350 2601 ct
372 2528 596 2602 Heniochae
618 2531 844 2621 meminisse,
892 2554 947 2601 vs.
973 2526 1052 2621 80,
1103 2555 1319 2629 quamquam

233 2630 647 2807 ttltltltssdltt
668 2633 1321 2807 {ttffidtlllttltilt

236 2831 391 2906 scribere
418 2832 545 2907 voluit.
601 2831 681 2926 Qua
708 2833 751 2906 de
773 2860 812 2906 re
837 2861 911 2905 non
936 2833 1048 2932 probo
1073 2835 1240 2906 lllnellcri
1265 2835 1345 2905 inv

237 2935 389 3027 dicium,
434 2935 543 3008 llorr.
571 2962 608 3032 p.
633 2930 735 3027 429,
779 2939 913 3009 maiore
938 2963 1043 3035 quam
1069 2963 1134 3033 par
1158 2945 1234 3007 erat
1259 2959 1321 3007 au·

237 3035 336 3108 dacia
369 3062 409 3113 ea
443 3039 659 3128 reiicicntia,
712 3063 804 3136 quae
835 3037 925 3111 mihi
960 3037 1103 3137 quidem
1134 3039 1204 3109 iam
1230 3039 1324 3111 anti·

238 3138 360 3244 quitus
385 3165 467 3215 cum
492 3150 566 3214 tota
591 3136 713 3212 fabula
739 3164 899 3216 connexa
925 3139 1037 3226 fuisse
1063 3137 1264 3234 videntur..

717 3670 754 3774 g.
799 3664 840 3744 a.

244 3996 248 4008 ·
340 3944 501 4018 Transeo
527 3942 572 4016 ad
606 3943 849 4044 quaestionem
876 3964 948 4014 non
973 3940 1093 4013 minus
1130 3935 1324 4034 difficilem,

240 4057 409 4146 quaeest
434 4046 478 4118 de
502 4056 616 4118 aetate
642 4046 822 4117 carminis.

344 4147 419 4219 lam
455 4147 588 4219 dudum
622 4145 669 4220 ab
701 4144 867 4219 omnibus
902 4152 1126 4242 perspectum
1160 4153 1234 4236 est,
1286 4145 1327 4225 ln

242 4247 375 4322 fabulis
399 4248 616 4322 Graecorum
642 4246 907 4321 considerandis
933 4246 1108 4343 imprimis
1130 4243 1326 4327 cavendum

244 4374 348 4442 esse,
397 4377 443 4424 ne
470 4350 629 4424 diversae
665 4363 797 4423 aetates
839 4350 1074 4438 misceantur,
1124 4373 1215 4445 qnae
1252 4349 1327 4418 sin·

242 4449 350 4550 gulae
370 4457 551 4554 propriam
576 4451 732 4558 aliquam
757 4449 1074 4565 conformationem
1098 4473 1221 4527 earum
1243 4472 1326 4551 pro·
