3044 5264
522 361 752 452 ΙΙΜΙΤΑΤΙΟ
790 363 990 439 HOMEBI.
1217 358 1302 436 545

211 567 431 669 significatas
452 566 616 641 Athenas
639 593 718 642 esse
747 578 783 640 ct
804 566 993 663 Eleusina3
1036 579 1159 644 nostm
1183 581 1300 644 antem

211 674 249 744 in
276 683 403 769 poeta,
445 671 484 741 in
506 695 578 768 qno
604 669 745 768 reliqua
775 671 991 761 concinunt,
1034 682 1142 770 atque
1166 687 1301 770 septem
1356 709 1358 712 ·

211 786 334 872 portae
365 783 708 861 commemorantur,
763 774 897 869 quibus
932 770 1078 845 'l'lrebae
1122 770 1303 873 designari

210 874 342 967 solent,
371 872 480 947 habet
505 869 596 961 illud
618 873 794 971 prolecto,
820 899 892 972 qno
917 898 997 946 sese
1020 872 1127 946 nobis
1149 877 1304 949 maxime

211 974 449 1050 commendet.

311 1077 478 1176 Denique
516 1074 670 1173 singulis
707 1075 746 1146 in
783 1074 911 1174 liguris
946 1073 1044 1148 hund
1079 1103 1161 1150 raro
1197 1077 1303 1152 aliem

213 1204 319 1278 quam
347 1179 526 1253 Homerus
549 1179 642 1249 viam
665 1177 761 1249 iniit.
814 1178 963 1250 Terram
988 1179 1110 1271 enim,
1147 1179 1301 1272 eoelum,

211 1279 354 1372 stellas,
411 1306 503 1378 quae
535 1280 656 1354 omnia
683 1277 861 1376 quomodo
891 1278 961 1351 sibi
994 1293 1095 1377 poeta
1114 1281 1160 1352 in
1193 1280 1303 1355 Sento

213 1408 380 1479 expressa
406 1383 639 1481 cogitaverit,
680 1380 823 1461 dillicile
850 1380 946 1453 dictu
974 1393 1052 1474 est,
1095 1383 1303 1482 praetermi-

213 1486 280 1576 sit,
311 1483 449 1556 addidit
465 1483 681 1581 Olympum,
709 1482 823 1554 'maris
841 1493 1005 1579 portum,
1040 1495 1178 1582 spectra
1200 1485 1302 1557 terri·

212 1585 301 1676 lieo,
334 1589 448 1681 capita
465 1597 688 1681 serpentum,
716 1610 874 1682 pugnam
896 1609 1063 1681 aprorum
1085 1594 1120 1658 et
1141 1585 1302 1678 leonum,

213 1712 305 1790 quae
338 1686 443 1759 solita
476 1697 563 1758 sunt
592 1683 688 1783 opud
712 1688 882 1784 antiquos
914 1687 1045 1757 artium
1077 1697 1301 1786 argumenta.

213 1790 314 1860 linas
340 1786 448 1863 urbes
463 1799 622 1885 ¹uterque
647 1787 857 1882 descripsit,
907 1785 971 1859 sed
998 1798 1119 1859 noster
1143 1786 1189 1859 ab
1214 1786 1304 1860 urbe

212 1888 310 1962 liello
343 1891 452 1986 petita
488 1891 626 1985 coepit,
680 1889 861 1963 Homerus
903 1886 948 1961 ab
992 1890 1124 1982 altera3
1172 1887 1233 1960 hie
1265 1889 1306 1960 in

214 1990 304 2066 urbe
329 2001 453 2088 pacate
476 1991 587 2062 lestoe
614 1989 690 2063 dies
715 2001 752 2062 et
776 1987 960 2086 publicum
985 1988 1160 2062 iudicium
1181 1988 1304 2061 adum-

215 2089 353 2184 bravit,
403 2103 441 2165 et
478 2090 590 2165 altera
622 2091 710 2164 urlie
744 2091 886 2184 addita,
940 2102 1016 2163 tum
1051 2090 1194 2164 demum
1228 2117 1306 2163 ara·

215 2196 371 2285 tionem,
407 2219 584 2285 messem,
622 2192 859 2284 vindemiam,
900 2218 1032 2290 pascua
1062 2205 1305 2273 armentorum

216 2306 253 2369 et
278 2296 422 2388 ovium,
463 2295 502 2366 in
519 2294 591 2375 line
610 2293 740 2371 clroros
758 2294 947 2389 adiunxit,
971 2293 1033 2367 ille
1049 2319 1138 2379 vero
1150 2296 1304 2388 primum

215 2396 367 2469 mediam
392 2399 517 2469 urbem
536 2394 641 2467 nobis
663 2406 700 2469 et
718 2396 893 2467 illustrem
921 2400 1086 2492 pompam
1110 2394 1305 2490 nuptialem

215 2509 412 2587 monstrat,
474 2495 607 2567 deinde
642 2507 740 2566 extra
786 2494 912 2565 urbem
943 2495 1106 2592 singulos
1141 2495 1306 2568 lromines

158 2594 160 2597 ¹
216 2599 369 2695 singulis
390 2597 492 2694 equis
512 2594 731 2685 insidentes,
761 2609 883 2691 postea
902 2609 1079 2687 aratores,
1114 2621 1304 2687 messores,

216 2700 390 2770 vinitores
414 2708 451 2769 et
471 2698 630 2795 reliquos
653 2698 691 2766 in
707 2696 820 2769 Sento
844 2696 1004 2794 depictos
1025 2698 1138 2769 fuisse
1162 2708 1305 2792 narrat,

217 2827 289 2871 non
312 2797 572 2896 imprudenter,
595 2799 736 2895 opinor.
781 2797 874 2870 Num
893 2800 940 2870 ita
957 2798 1100 2871 deinum
1118 2798 1215 2896 pacis
1232 2795 1306 2869 bel·

217 2901 317 3000 liquo
352 2913 469 2992 artes,
526 2912 562 2971 et
607 2898 716 2971 huius
759 2901 935 2991 suavitas,
997 2900 1098 2971 illins
1148 2897 1308 2997 periculo

217 3004 404 3101 perspicue
429 3014 511 3075 ante
528 3001 652 3074 oeulos
672 3011 859 3097 ponuntur
866 3029 879 3094 3
912 3001 1175 3100 cohaerentque
1191 3002 1308 3083 monia

217 3104 326 3203 longe
352 3106 573 3194 accuratius,
621 3130 726 3201 qnam
753 3102 848 3199 apud
874 3102 1083 3176 Homerum.
1140 3103 1307 3175 Ceterum

218 3205 459 3278 memorabilis
485 3217 540 3277 est
565 3205 654 3277 ordo
677 3231 817 3296 rerum,
859 3207 983 3302 quiin
1008 3205 1067 3297 lris
1088 3203 1308 3301 explicandis

218 3309 403 3398 cernitur,
458 3308 633 3403 imprimis
668 3304 766 3404 quod
799 3307 1012 3378 vindemiam
1026 3306 1077 3408 Ἃ)
1116 3306 1310 3379 certamina

218 3408 379 3501 ludicra,
429 3407 638 3506 pugilatus,
682 3407 777 3480 lucta
806 3419 843 3481 et
879 3421 1059 3483 certamen
1095 3406 1220 3480 curule
1253 3432 1308 3476 se·

219 3521 404 3608 quuntur,
446 3507 579 3607 quibus
605 3508 731 3581 mediis
756 3511 898 3582 venatio
924 3512 1109 3593 interiecta
1136 3520 1203 3581 est.
1264 3507 1309 3578 ln

219 3611 287 3683 lrac
300 3622 416 3684 autem
435 3622 550 3706 parte,
579 3637 670 3710 quae
681 3609 946 3709 ,adexemplum
961 3612 1110 3684 llomeri
1127 3609 1219 3686 lacta
1239 3621 1307 3698 est,

220 3716 327 3811 longe
346 3713 492 3785 brevius
509 3715 626 3785 omnia
645 3714 837 3804 eoprffivit,
864 3739 910 3786 ne
926 3725 1086 3809 repetere
1104 3723 1307 3811 cogeretur,

220 3841 312 3914 quae
327 3815 395 3886 iam
416 3813 598 3911 praeclare
612 3813 788 3911 descripta
805 3825 919 3886 erant.
955 3815 1138 3888 Oceanum
1154 3814 1309 3910 deniqne

220 3929 372 4015 uterque
396 3918 435 3987 in
462 3942 522 3987 ora
555 3915 669 4014 clypei
702 3918 847 4013 posuit,
893 3915 958 3988 sed
983 3928 1104 3988 noster
1129 3917 1249 4015 cycnis
1275 3924 1312 3985 et

220 4017 379 4117 piscihus
406 4018 616 4111 exornavit,
660 4018 732 4091 eir.
758 4017 893 4118 ll‘ey'nn
906 4003 953 4090 ad
980 4005 1026 4107 ll.
1047 4009 1193 4125 ΧἯῌ,
1212 4011 1307 4086 606.

288 4249 334 4315 at)
371 4248 516 4305 Pisoniani
541 4265 558 4302 e
582 4249 705 4318 reliquis
723 4249 853 4321 humanis
880 4245 1009 4318 negotiis
1032 4244 1192 4317 separavit,
1228 4260 1311 4314 qoem

222 4335 277 4371 non
296 4328 410 4388 poteret
427 4334 493 4390 epte
512 4319 577 4374 orbi
595 4320 769 4389 adiungere,
800 4318 859 4374 etr.
877 4320 987 4374 isere
1031 4318 1172 4372 Homerus
1189 4332 1241 4370 cnr
1258 4331 1311 4368 nec

222 4388 259 4440 de
286 4390 396 4455 avium,
432 4407 485 4443 nec
507 4388 544 4443 de
573 4389 692 4458 piscium
722 4388 873 4447 venatione
904 4389 932 4443 in
959 4403 1011 4443 suo
1040 4386 1164 4441 carmine
1191 4382 1310 4449 dixerit,

222 4455 393 4515 Euanthius
411 4460 471 4516 sibi
488 4459 655 4535 repperisse
675 4461 752 4518 visua
770 4472 815 4517 eat
833 4475 974 4529 causmm,
1009 4475 1038 4530 p·
1051 4457 1125 4531 1265·
1144 4457 1225 4545 Rem·
